2476 4018
206 227 247 293 12
587 228 782 288 reornarn
844 237 849 252 ·
1129 231 1196 302 [xi.

311 393 429 460 Omnia
449 395 486 457 tu
506 394 636 458 nostrae
657 395 803 476 tempora
824 390 975 458 laetitiae.
1016 425 1033 446 κ

219 491 253 542 25
268 477 331 544 Seu
350 478 454 543 tristis
475 477 603 542 veniam
625 499 681 542 seu
703 480 814 541 eontra
834 477 939 542 laetus
961 476 1088 562 amieiS,

311 560 396 640 Quid
419 561 474 626 uid
495 583 560 645 ero,
585 561 689 626 dicam
711 559 864 644 ‘Cynthia
886 582 981 626 eausa
1002 559 1093 626 furer

269 646 319 712 Tu
340 583 436 712 moia
459 645 713 730 quamprimum
736 648 901 730 corruptas
930 645 1039 712 desere
1061 646 1194 715 Baiasz

311 729 425 796 Multis
446 729 509 796 ista
530 729 649 796 dabant
672 730 783 794 littora
805 729 983 813 discidium,

268 813 403 900 littora,
426 836 506 899 qnae
528 816 656 879 fuerant
677 814 772 878 castis
794 814 926 878 inimica
946 813 1075 898 puellis.

219 913 255 964 80
311 901 343 965 A
364 901 497 984 pereant
517 898 625 982 Baiae,
649 899 770 964 erimen
792 899 919 984 amoris,
942 902 1058 986 aquae!

611 1027 765 1039 -——-

645 1113 727 1188 XH.

270 1235 354 1313 Quid
374 1234 456 1302 mihi
476 1235 616 1302 desidiae
636 1259 705 1301 non
727 1257 832 1302 cessas
854 1237 975 1324 fingere
998 1239 1144 1323 crimen,
1174 1239 1175 1242 ’

313 1319 406 1397 Quod
426 1320 526 1384 faeiat
545 1320 639 1386 nobis
663 1318 803 1404 Cynthia
825 1343 933 1388 amore
954 1323 1104 1387 moram?

269 1403 350 1470 Tam
370 1405 472 1470 multa
492 1405 549 1469 illa
569 1426 641 1470 meo
664 1405 797 1471 divisast
818 1407 908 1470 milia
929 1406 1023 1491 lecto,

313 1489 475 1567 Quantum
496 1488 643 1574 Hypanis
664 1488 789 1556 Veneto
812 1489 946 1556 dissidet
964 1491 1125 1577 Eridane,

243 1573 344 1641 oNee
364 1573 445 1640 milri
466 1577 636 1640 consuetos
659 1576 808 1658 amplexu
828 1575 933 1640 nutrit
953 1596 1078 1642 amores

315 1658 456 1744 Cynthia
475 1678 537 1727 nee
556 1661 667 1724 nostra
688 1659 790 1726 duleis
811 1659 847 1725 in
868 1673 943 1726 anre
966 1663 1069 1726 sonat

272 1745 360 1812 Olim
382 1746 491 1832 gratus
513 1765 616 1809 eram:
639 1765 706 1810 non
726 1745 783 1809 illo
804 1746 950 1830 tempore
971 1745 1124 1830 cuiquam

315 1827 471 1916 Contigit,
492 1831 530 1894 ut
550 1827 648 1896 simili
668 1831 778 1914 posset
798 1851 903 1894 amare
924 1827 996 1894 fide.

271 1911 414 1981 Invidiae
434 1913 569 1980 fuimus:
597 1936 675 1979 num
696 1935 749 1978 me
770 1913 847 1979 deus
869 1914 998 1978 obmrit?
1027 1935 1070 1978 an
1092 1935 1182 2000 quae

211 2011 257 2062 ἰο
314 1997 412 2065 Laeta
432 1997 632 2064 Prometheis
655 1998 769 2064 dividit
789 1994 889 2063 herba
910 1998 1017 2084 iugis?

271 2081 349 2160 Non
363 2105 434 2148 sum
448 2105 507 2169 ego
522 2083 577 2168 qui
590 2084 727 2148 fueram:
741 2086 844 2149 mutat
857 2083 909 2148 via
923 2083 1024 2168 longa
1036 2083 1178 2168 puellas.

315 2167 460 2244 Quantus
481 2169 517 2232 in
538 2167 654 2253 exiguo
675 2171 819 2253 ternpore
840 2167 926 2252 fugit
947 2171 1051 2233 amor!

271 2249 366 2316 Nune
386 2251 526 2335 primum
546 2251 661 2337 longas
683 2253 770 2317 solus
792 2273 986 2338 cognoscere
1006 2255 1122 2318 noctes

315 2333 421 2420 (rogor
442 2336 565 2418 etipse
586 2335 667 2400 meis
688 2337 817 2402 auribus
840 2357 909 2402 esse
971 2337 1050 2402 arie.
1167 2389 1168 2394 1

223 2431 256 2484 15
270 2417 370 2504 Felix,
393 2418 448 2504 qni
468 2419 574 2516 potuit
594 2422 755 2503 praesenti
775 2421 852 2487 flere
871 2441 934 2506 pue
960 2443 1012 2486 ae:

314 2501 391 2572 Non
411 2502 495 2568 nihil
537 2504 674 2588 aspersis
696 2505 815 2590 gaudet
835 2507 937 2572 Amor
958 2504 1117 2594 lacrimis3

272 2589 340 2656 Aut
361 2590 390 2656 si
411 2588 577 2675 despectus
599 2589 705 2673 potnit
725 2593 849 2656 mutare
871 2591 1008 2656 calores:

315 2671 398 2742 Sunt
417 2695 543 2760 quoque
563 2673 719 2740 translato
741 2676 858 2760 gaudia
879 2675 1017 2742 servitio.

272 2758 321 2826 Mi
334 2781 438 2846 neque
457 2781 564 2824 amare
584 2757 680 2824 aliam
693 2759 852 2843 nequeat
871 2757 932 2825 hae
950 2759 1103 2824 desistere
1125 2760 1178 2826 fas

223 2945 259 2996 20
314 2928 455 3018 Cynthia
474 2929 578 3016 prima
598 2929 669 3013 fuit,
692 2866 926 3015 Cynthiaesfiiris
949 2930 1019 2994 erit.

615 3061 767 3071 .......-.--

641 3145 739 3220 Xlll.

238 3333 240 3342 s
274 3267 332 3351 Tu,
355 3267 439 3350 quod
461 3291 554 3412 seeXe
576 3270 668 3351 soles,
691 3272 802 3333 nostro
824 3267 981 3332 laetabere
1004 3289 1091 3351 nasu,

318 3349 419 3432 Galle,
441 3371 503 3432 quo
549 3351 680 3433 abrepto
703 3352 790 3416 solus
813 3373 919 3417 amore
940 3371 1060 3417 racem.

274 3436 321 3500 At
341 3453 408 3498 non
429 3433 497 3514 ipse
518 3435 590 3495 tuas
611 3433 770 3518 imitabor,
793 3436 921 3519 perfide,
943 3456 1053 3500 voees:

315 3515 439 3582 Fallere
460 3517 493 3579 te
513 3535 697 3600 numquam,
721 3517 821 3604 Galle,
843 3521 951 3606 puella
970 3519 1060 3585 velit.
