2470 4010
203 233 343 282 Lxxvm
578 219 792 276 PRAEFATIO.

265 391 315 450 Do
337 390 545 465 positionis
566 406 657 464 quae
681 388 824 447 dicitur
845 390 881 446 et
901 389 939 448 iu
954 389 1092 450 mediis
1108 410 1163 450 ro·

201 475 413 618 qqgulgqlet
435 473 473 534 in
498 473 645 534 ultimis
671 473 824 548 legibus
844 473 988 549 egimus
1007 475 1027 533 l.
1049 495 1078 534 n.
1095 493 1162 550 pgg.

265 659 327 718 Nec
342 676 412 719 vero
428 659 618 719 severitatem
632 675 753 718 normae
769 657 884 734 sprevit
899 655 1034 718 Casurus
1048 659 1109 720 nisi
1123 677 1161 718 se·

202 744 263 803 mal
277 743 435 803 Homerico
456 743 591 818 exemplo
611 742 643 802 in
657 742 802 802 vocabulo
822 743 894 802 alias
915 743 1019 818 inepto
1032 743 1161 804 numeris
1215 714 1224 840 1

203 829 358 904 dactylicis
373 829 404 888 ct
418 828 486 888 sede
501 829 605 902 quinta
618 827 782 885 hexametri
799 823 860 905 [64,
878 823 951 906 357]

285 914 371 972 testis
386 913 445 971 crit
458 913 576 988 magnis
590 911 753 970 virtutibus
768 912 850 971 unco
863 909 1049 972 Scamandri.

265 1014 344 1074 Male
358 1013 430 1071 libri
445 1013 503 1072 alio
519 1013 584 1072 loco
602 1008 653 1091 [ib.
672 1007 745 1091 298]

286 1113 356 1172 inde
370 1116 456 1188 petor
469 1113 570 1173 divom
586 1115 688 1172 sancta
703 1131 770 1171 cum
785 1114 907 1190 coniupc
919 1115 1080 1189 poclaque.

249 1251 251 1256 -
266 1213 350 1274 Idem
372 1217 473 1274 tamen
488 1214 676 1290 frequentius
690 1233 780 1289 quam
794 1216 954 1290 probatum
968 1216 1055 1276 bonis
1069 1217 1160 1292 poetis

203 1298 470 1442 ffilffidffies
495 1297 598 1360 finales
624 1298 851 1374 insequentibus
871 1298 951 1360 binis
973 1289 1107 1360 corisonis
1128 1299 1162 1358 ad

357 1486 388 1542 et
401 1482 470 1542 indo
485 1485 533 1542 tot
547 1501 601 1558 per
614 1484 776 1557 inpotentia
788 1482 866 1555 fretu

355 1567 439 1627 nulla
453 1567 542 1643 fugae
556 1567 643 1639 ratio,
659 1567 742 1627 calla
755 1584 828 1641 spes,
845 1567 944 1630 omnia
958 1567 1047 1627 muta

267 1667 341 1728 Eius
355 1667 492 1727 licentiae
507 1671 645 1743 prostant
659 1669 794 1743 exempla
809 1668 838 1740 4,
852 1670 887 1742 93
905 1670 959 1744 183
979 1671 1027 1743 17,
1044 1670 1097 1744 24;
1114 1669 1160 1741 22,

207 1753 262 1829 123
280 1755 328 1826 29,
344 1754 380 1828 43
396 1753 447 1825 44,
466 1753 521 1827 183
539 1753 588 1825 63,
605 1754 662 1827 53;
680 1754 729 1824 64,
749 1754 824 1828 186,
841 1754 890 1825 67,
907 1754 957 1812 32.

268 1875 319 1933 De
332 1872 583 1948 productione
602 1871 736 1931 finalis
751 1888 791 1929 ea
805 1889 896 1946 quaa
916 1870 1016 1932 arsis
1031 1871 1065 1930 vi
1080 1869 1161 1928 effi-

205 1958 305 2018 citur
325 1957 572 2016 disseruimus
587 1974 658 2032 pgg.
676 1955 862 2014 321-333.

268 2057 373 2132 Itaque
393 2057 528 2131 plerique
547 2060 652 2132 poetae
667 2075 733 2114 eam
746 2073 807 2115 non
822 2055 986 2114 admittunt
999 2055 1057 2114 nisi
1071 2056 1119 2112 aut
1132 2054 1163 2111 in

207 2242 262 2283 nec
282 2224 341 2282 nisi
363 2240 429 2280 cum
450 2240 577 2282 consona
598 2224 727 2283 cluditur
752 2225 887 2284 verbum.
930 2223 1009 2281 Nam
1035 2222 1163 2283 vocalem

206 2309 329 2366 brevem
350 2306 382 2365 in
395 2304 454 2365 fine
468 2307 597 2382 positam
612 2308 781 2368 condicione
796 2309 849 2367 illa
862 2307 984 2383 produci
999 2327 1060 2367 non
1072 2305 1162 2380 magis

207 2391 351 2450 usitatum
379 2409 469 2466 quam
494 2392 618 2451 eandem
640 2411 759 2452 manere
789 2393 939 2468 integram
966 2411 1021 2466 per
1045 2391 1161 2449 hictum.

207 2475 350 2534 (letarum
366 2473 501 2536 Catullus
515 2480 562 2535 tar
576 2494 638 2536 non
651 2477 769 2552 saepius
783 2477 871 2536 venia
884 2477 938 2535 illa
950 2493 1023 2536 usus
1037 2476 1069 2534 in
1081 2475 1162 2531 hexa-

75 2596 97 2636 1]
206 2562 304 2619 metro
324 2563 451 2620 exeunte
472 2561 515 2620 ita
540 2557 602 2639 [62
618 2560 647 2619 4.
670 2561 725 2634 64,
742 2561 792 2620 20.
816 2557 935 2639 6611]
958 2559 1036 2618 ‘iam
1057 2559 1164 2617 dicetur

207 2645 405 2760 liquesceque,
428 2644 500 2704 ‘non
520 2645 652 2720 despexit
671 2644 864 2720 hymenaeos,
889 2648 979 2704 ‘novo
999 2648 1097 2704 auctus
1114 2639 1163 2714 by·

206 2745 335 2790 monaco.

271 2830 466 2907 Reliquorum
480 2829 678 2903 Euphorionis
693 2831 856 2903 cantorum,
877 2846 1006 2905 quorum
1021 2822 1163 2888 subiunxi·

208 2933 275 2974 mus
289 2913 440 2991 reliquias,
456 2914 586 2973 rationes
600 2913 741 2973 metricae
756 2932 823 2972 cum
838 2914 899 2974 sint
912 2915 975 2972 tam
990 2911 1100 2972 similas
1114 2905 1162 2966 ca-

206 2999 359 3071 tullianis,
374 3018 435 3058 uon
448 3001 484 3057 ut
497 2999 543 3057 lac
557 2997 653 3074 magis
667 2999 753 3070 lacti,
774 3001 894 3073 praeter
908 3016 944 3056 ea
958 3015 1034 3072 quaa
1049 2989 1164 3055 subinde

206 2157 328 2200 caesura
340 2140 476 2215 legitima
487 2141 539 2198 aut
550 2143 691 2216 sequente
703 2139 846 2199 vocabulo
858 2139 979 2214 proprio
990 2137 1161 2208 velGraceo,

208 3080 241 3139 111
262 3083 482 3143 commentariis
502 3083 718 3155 adnotavimus,
740 3083 866 3142 verbum
886 3081 955 3141 addi
969 3099 1031 3142 non
1046 3076 1164 3158 oportet
1228 3093 1231 3168 q

1230 3189 1231 3248 l

586 3397 787 3410 ω--ι-ά-
