2492 4022
426 241 640 310 palasano.
1003 262 1027 310 v

55 426 177 485 fautum
202 424 258 496 sit,
283 424 393 482 eortius
421 423 543 482 definire
563 422 637 481 mihi
656 440 717 482 non
740 423 874 498 contigit.
915 421 1029 484 Statuit

53 510 183 586 quidem
208 508 357 584 Hauptius
385 503 428 586 [in
449 509 505 565 aet.
527 525 585 566 soa.
607 507 665 565 litt.
688 505 794 565 Saxon.
815 507 845 579 Ι,
869 502 940 584 256]
968 507 1028 586 iam
1111 499 1117 518 ⁶

50 593 211 654 Guilelmo
232 591 442 667 Pasirengieo,
470 591 564 650 amieo
585 591 757 662 Petraroae,
776 590 942 650 innotuisse
967 608 1029 648 aar·

50 680 142 736 mina
159 676 289 748 Tibulli,
312 675 422 751 quippe
442 676 494 751 qui
515 675 547 734 in
561 675 640 734 libro
655 675 692 733 do
707 673 872 750 originibus
887 692 987 734 rerum
1003 692 1028 732 o.

52 783 83 820 a.
104 762 188 821 1340
208 760 321 834 scripto
343 755 446 836 (quem
466 759 504 818 ob
524 777 671 818 summam
692 758 755 817 eius
766 758 923 817 raritatem
937 759 1028 832 inspi-

53 865 126 905 cere
147 845 234 904 nohis
255 862 317 903 non
336 840 481 919 eontigit)
499 843 602 902 afferat
622 846 688 903 octo
709 843 772 902 eius
793 861 897 914 versus
912 861 949 901 ex
969 843 1028 902 a?

52 930 152 1006 primi
173 928 233 987 vol.
257 921 435 1006 [29-3o];
464 927 516 986 sed
536 946 598 987 non
617 926 756 986 abhorret
781 946 798 986 a
819 925 1029 1002 probabilitate

59 1033 133 1073 eum
151 1013 313 1086 sumpsisse
333 1010 405 1070 haee
419 1011 510 1070 verba
531 1031 566 1070 ex
579 1011 713 1086 pleniore
728 1011 889 1086 exemplari
904 1009 1028 1070 scholio-

55 1117 131 1156 rum
152 1095 318 1167 Iuvenalis,
341 1095 423 1169 quali
444 1097 475 1154 et
495 1114 570 1154 saeo.
585 1095 642 1154 XV
660 1096 693 1154 in
715 1095 818 1155 eadem
837 1097 918 1153 terra
937 1093 1028 1154 Geor-

56 1183 146 1258 gium
166 1179 285 1238 Vallem
306 1197 393 1237 usum
414 1197 478 1238 esse
499 1180 624 1254 suimus3
644 1199 714 1239 nam
741 1179 853 1238 inillis
874 1179 911 1237 ad
932 1180 965 1252 8,
989 1179 1027 1236 29

56 1266 178 1342 priores
193 1265 334 1339 quattuor
348 1281 574 1322 varsuseorum
594 1282 667 1339 quos
689 1264 774 1322 affert
795 1262 960 1323 Guilelmus
981 1281 1030 1320 ex·

55 1352 129 1408 tant
148 1347 303 1422 hodieque.
334 1347 435 1423 Atque
454 1347 498 1405 ibi
518 1351 597 1407 oerte
618 1349 698 1423 quod
718 1347 870 1422 praeeedit
883 1347 1031 1406 distichon

57 1434 199 1494 additum
221 1432 311 1490 fuisse
332 1432 369 1490 ab
393 1431 550 1491 scholiasta
570 1451 624 1490 neo
638 1431 697 1490 nisi
711 1433 901 1490 librariorum
915 1431 1031 1490 incuria

58 1511 340 1596 omissumlw'elamat
358 1533 406 1574 res
427 1517 501 1591 ipsa.
531 1515 636 1575 Potuit
654 1519 756 1576 tamen
775 1515 864 1574 etiam
879 1515 1029 1574 Guilelmo

59 1603 100 1660 ad
122 1619 244 1658 manum
264 1618 328 1658 esse
350 1599 467 1675 plenior
486 1601 617 1676 vulgatis
636 1600 714 1659 liber
729 1600 835 1673 Servii,
857 1599 909 1674 qui
923 1599 960 1657 ad
975 1599 1029 1656 eol.

60 1689 91 1758 5,
108 1687 149 1742 21
165 1687 289 1756 amnone
302 1701 379 1757 paor
392 1689 569 1744 ownarotor
584 1686 678 1744 aratri
692 1684 850 1758 adscripsit
863 1681 948 1742 haee:
966 1683 1030 1740 ‘alii

60 1769 285 1843 Triptolemum
305 1768 356 1826 alii
373 1766 485 1827 Osirim
498 1768 620 1841 volunt,
641 1768 721 1842 quod
741 1769 838 1843 magis
853 1785 957 1826 verum
974 1770 1028 1837 est,

62 1857 100 1912 ut
116 1851 190 1910 dieit
202 1852 378 1927 Propertius
393 1852 442 1910 vel
457 1851 617 1912 Tibullus'.
637 1851 758 1909 Etenim
772 1855 841 1926 post
854 1850 926 1908 haee
939 1851 1031 1909 verba

61 1935 255 2015 grammatici
270 1935 411 1994 excidisse
423 1935 567 2010 quaedam
582 1935 655 1994 mihi
671 1935 790 2010 quidem
804 1935 923 1995 videtur
936 1953 1031 2010 paene

61 2025 191 2082 certum.

129 2154 235 2230 Itaque
255 2173 322 2214 aum
342 2173 397 2213 nea
416 2155 573 2215 Petraroaa
598 2159 733 2231 tempore
753 2156 972 2227 testimonium,
994 2155 1031 2214 de

63 2259 127 2315 quo
144 2241 275 2311 constet,
296 2243 343 2298 sat
355 2239 475 2297 firmum
495 2241 660 2315 recuperati
680 2240 787 2300 eodieis
803 2239 966 2299 Tibulliani
987 2257 1032 2296 re-

62 2323 208 2400 periatur,
225 2326 256 2380 et
270 2323 367 2399 prima
381 2322 559 2400 apographa,
580 2343 655 2400 quae
669 2325 872 2396 innotuerunt,
887 2343 949 2382 non
963 2327 1032 2381 anta

63 2427 180 2466 annum
197 2408 277 2465 1423
292 2407 342 2466 vel
359 2408 439 2466 1425
462 2409 571 2484 scripta
590 2427 654 2468 esse
668 2412 837 2482 noscantur,
853 2426 1032 2484 quamquam

63 2493 214 2567 flagrante
234 2495 300 2550 tum
320 2491 464 2566 temporis
479 2494 574 2552 multo
590 2494 694 2570 magis,
710 2513 799 2568 quam
814 2511 881 2551 oum
897 2491 1033 2551 Catullus

63 2578 203 2650 repertus
219 2578 273 2647 est,
290 2575 389 2634 studio
404 2576 568 2649 literarum,
584 2596 645 2636 non
659 2578 749 2636 nimis
764 2575 910 2635 aberraris
925 2595 943 2633 a
956 2577 1031 2635 vari-

64 2667 130 2718 tate
151 2659 308 2718 statuendo
330 2659 407 2717 oiroa
428 2679 453 2717 a.
473 2661 555 2720 1400
569 2664 689 2719 erutum
703 2679 766 2719 esse
781 2659 857 2718 illud
872 2660 1031 2734 exemplar.

64 2743 152 2802 Idem
173 2746 205 2800 ot
218 2743 400 2801 Lachmanni
420 2743 571 2802 iudicium.
601 2743 660 2803 Sed
681 2745 708 2804 ei
729 2745 839 2802 mirum
860 2745 892 2801 in
911 2743 1032 2802 modum

64 2827 166 2888 illusit
178 2828 363 2886 saeculorum
374 2828 497 2902 iniuria3
510 2848 580 2886 nam
592 2831 623 2887 et
632 2829 725 2887 verba
736 2829 853 2904 singula
862 2845 948 2902 saepe
960 2827 1033 2885 adeo

65 2913 153 2970 fuere
176 2911 315 2985 obscura,
338 2914 373 2970 ut
393 2929 428 2970 ex
450 2915 534 2986 parte
556 2913 662 2971 saltam
683 2931 743 2972 non
758 2914 881 2987 possent
894 2911 963 2988 legi,
979 2930 1034 2970 neo
1055 2943 1072 2956 -

65 2997 167 3054 minus
188 3014 330 3056 versuum
351 2996 465 3071 aliquot
485 2995 567 3054 fuere
588 2996 718 3068 lacunae,
740 2996 891 3071 inquere
906 2996 1033 3054 maxime

65 3079 211 3152 notabile,
228 3080 307 3153 quod
322 3079 384 3138 fere
399 3083 470 3138 sunt
479 3079 578 3139 hausti
588 3080 760 3152 hexametri,
773 3083 808 3138 ut
819 3083 962 3156 appareat
973 3098 1034 3140 non

65 3165 160 3223 fuisse
175 3163 315 3222 reductos
330 3167 542 3239 pentametros,
573 3163 650 3223 Sane
664 3183 729 3224 mos
744 3183 794 3223 eos
809 3165 967 3225 reducendi
982 3184 1033 3240 po·

66 3248 195 3308 steriore
221 3247 313 3306 medii
337 3249 403 3308 aevi
433 3251 567 3324 tempore
594 3249 690 3326 magis
714 3249 920 3326 frequentatus
945 3268 1034 3324 quam

66 3349 178 3408 priora.
267 3405 270 3412 Ι

130 3448 325 3524 Deniquein-
336 3449 440 3510 eodem
456 3451 625 3526 apographo
647 3451 724 3509 liber
739 3453 876 3526 quartus,
898 3467 965 3506 oum
983 3448 1035 3505 vix

67 3534 158 3593 dubie
173 3533 207 3592 in
222 3531 383 3610 archetypo
400 3535 505 3594 fuisset
519 3536 669 3594 seiunctus
682 3535 868 3608 aprion'bus,
879 3531 962 3591 nullo
978 3529 1036 3586 fuit
