2492 4022
101 236 254 308 uxxru]
510 233 676 288 narseus.

104 397 263 482 Pauperis
284 385 394 482 tuguri
416 399 507 479 pater
527 394 673 479 filiusque
695 394 896 476 adulescens,

105 483 204 546 Alter
224 481 358 546 adsidua
379 501 494 544 cavens
516 478 698 563 diligentia,
720 482 757 542 ut
777 478 894 542 herbae

105 565 295 648 Veprcsque
317 567 373 629 aut
393 564 491 628 rubus
513 583 533 626 a
553 583 625 627 meo
648 562 714 626 sint
733 565 857 627 remota
878 560 1010 643 sacello,

107 650 205 713 Alter
224 671 322 733 parva
342 669 440 714 manu
461 648 567 711 ferens
589 666 684 730 saepe
705 667 838 710 munera
858 644 957 729 large.

107 731 241 797 Florido
262 732 343 797 mihi
363 731 494 816 ponitur
514 730 600 814 picta
621 751 694 794 vere
719 729 838 794 corolla
1041 738 1075 791 10

108 816 279 899 Primitus,
300 819 410 881 tenera
430 817 536 880 virens
559 815 647 899 spica
668 813 775 878 mollis
797 813 908 896 erista,
945 833 967 856 ¹·

107 899 230 964 Luteae
249 900 354 966 violae
374 899 453 964 mihi
475 900 673 983 lacteumque
694 919 833 982 papaver

110 983 334 1068 Pallentesque
356 984 537 1048 cucurbitae
559 986 591 1047 et
612 1003 707 1047 suere
729 981 847 1046 olentia
868 981 967 1062 mula,

108 1065 183 1130 Vra
203 1068 374 1151 pampinea
392 1069 510 1132 rubens
532 1066 665 1132 educata
686 1066 745 1131 sub
767 1067 888 1130 umbra.

110 1149 275 1235 Sanguine
296 1151 375 1217 ha'ee
396 1153 495 1216 etiam
515 1149 594 1216 mihi
617 1150 687 1248 (scd
708 1149 868 1234 tacebitis)
891 1169 980 1214 arma
1042 1159 1074 1210 16

110 1233 269 1304 Barbutrs
291 1234 366 1300 linit
386 1235 526 1301 hirculus
548 1254 732 1318 eormpesve
755 1234 884 1318 capelle

109 1317 175 1382 Pro
197 1320 267 1402 quis
289 1319 398 1384 omnia
418 1319 593 1385 honoribus
616 1319 662 1383 sic
683 1338 813 1382 necesse
835 1318 983 1400 Priapost

109 1399 277 1468 Praestare
298 1407 332 1467 et
353 1402 474 1468 domini
495 1403 658 1468 horurlum
678 1402 866 1486 vineamque
887 1402 979 1465 tueri.

109 1483 218 1560 Quare
239 1485 330 1569 hinc,
353 1507 372 1550 ο
415 1488 498 1571 ueri,
520 1487 621 1552 melas
643 1485 800 1552 abstinete
821 1486 961 1570 rapinas.

109 1567 245 1634 Vicinus
266 1591 367 1655 prope
413 1571 476 1637 'ves
501 1575 550 1636 est
570 1572 809 1656 neglegensque
830 1569 974 1653 Priapus.
1040 1581 1076 1631 20

108 1651 191 1718 inde
213 1655 337 1721 sumite.
372 1653 492 1722 Semita
512 1655 591 1720 haec
613 1655 728 1720 deinde
748 1675 806 1718 vos
827 1653 910 1719 feret
930 1653 1008 1737 ipsa

469 2039 719 2060 uun-*u—
