2470 4010
595 231 748 287 CATVLLI

388 395 482 460 Mitte
504 393 702 459 brachiolum
723 398 821 478 terea,

428 480 643 561 Praetextato,
665 479 838 562 puellulae:

427 563 496 628 Iam
519 564 623 628 cubile
645 563 738 626 adeat
757 564 828 628 viri.

388 649 415 714 Ο
438 649 566 732 Hymen
587 647 772 731 Hymenaee
793 648 840 730 io,

432 733 459 797 0
481 733 610 816 Hymen
630 731 824 815 Hymenaee.

388 859 456 923 Vos
477 859 581 922 bonae
604 857 733 922 senibus
756 857 832 921 viris

430 941 587 1026 Cognitae
608 942 690 1005 bene
711 942 864 1025 feminae,

431 1026 595 1092 Oossocate
617 1026 799 1110 puellulam.

389 1112 416 1177 0
439 1111 569 1195 Hymen
589 1109 774 1193 Hymenaee
795 1110 843 1192 io,

431 1196 458 1260 0
481 1196 610 1278 Hymen
630 1194 823 1277 Hymenaee.

388 1323 457 1387 lam
478 1322 555 1386 licet
575 1320 698 1403 venias,
720 1320 849 1383 marite:

429 1405 519 1471 onr
540 1407 576 1469 in
595 1405 743 1468 thalamo·
760 1405 852 1467 tibist

432 1491 495 1556 Ore
516 1489 664 1553 floridulo
686 1489 810 1571 uidens,

388 1576 473 1639 Alba
493 1574 678 1657 parthenice
700 1573 788 1636 velut

430 1659 605 1723 Luteumve
627 1678 774 1741 papaver.

388 1788 448 1870 Al,
471 1785 598 1868 marite,
622 1784 682 1867 (ita
702 1805 754 1847 me
775 1783 885 1847 iuvent

432 1870 585 1954 Caelites)
607 1868 710 1932 nihilo
732 1867 837 1932 minus

430 1954 566 2021 Pulcher
589 1975 639 2036 es,
661 1974 764 2036 neque
786 1955 818 2016 te
840 1950 949 2016 Venus

387 2040 551 2188 Neglegil.
581 2037 637 2102 sed
658 2037 725 2100 abit
745 2037 827 2101 dies:

459 2145 550 2209 erge,
571 2144 613 2186 ne
634 2142 801 2186 remorare.

388 2249 465 2316 Non
487 2249 541 2312 diu
561 2251 738 2312 remoratus
761 2269 810 2330 es,

431 2334 501 2398 Iam
522 2333 623 2397 venis.
650 2333 789 2396 bonate
811 2330 919 2396 Venus

431 2417 567 2500 laverit,
591 2417 741 2500 quoniam
762 2416 868 2500 palam

391 2501 483 2578 Quod
506 2502 594 2585 cupis
617 2502 704 2584 capis
727 2505 759 2564 el
779 2500 899 2563 bonum

431 2587 509 2653 Non
531 2586 699 2650 abscondis
722 2605 870 2648 amorem.

389 2715 448 2780 Ille
470 2715 608 2798 pulveris
630 2710 753 2776 Afa'eei

433 2799 640 2880 siderumque
661 2797 848 2860 micantium

432 2882 594 2948 Subduoat
614 2902 782 2944 numerum
803 2881 908 2964 prius,
982 2929 984 2934 .

390 2969 452 3046 Qui
473 2966 572 3031 voslri
593 2986 759 3029 numerare
781 2965 849 3028 volt

431 3053 534 3118 Multa
555 3051 644 3114 milia
664 3049 758 3114 ludei.

388 3179 502 3243 Ludite
523 3181 561 3241 ul
581 3179 683 3260 lubet,
706 3180 739 3240 elz
760 3176 848 3240 brevi

431 3262 563 3327 Liberos
585 3262 667 3325 dale.
697 3281 764 3324 non
786 3260 877 3324 decet

432 3345 513 3408 Tam
533 3347 621 3409 velus
644 3345 712 3408 sino
734 3345 842 3408 liberis

390 3429 519 3493 Nomen
541 3449 623 3508 esse,
647 3429 702 3490 sed
723 3428 864 3491 indidem

434 3511 564 3592 Semper
585 3511 773 3592 ingenerari.
