2476 4018
39 231 156 305 rrum]
428 231 536 286 amun
557 231 605 286 111.
961 225 1004 288 47

140 394 321 462 Custodum
342 396 377 460 et
396 395 486 459 nullo
510 396 621 477 saepta
642 394 772 476 timore,
794 395 908 478 placet.

94 474 159 546 cut
170 501 266 564 saepe
278 478 434 543 inmundo
447 479 543 546 Sacra
555 479 729 542 conteritur
740 477 802 542 Via
816 500 909 543 socco
917 528 926 563 ,
971 492 1004 541 15

138 564 211 629 Nee
233 564 311 628 sinit
333 584 402 628 esse
423 584 561 646 moram,
584 563 684 646 siquis
707 562 793 628 adire
815 563 900 628 velit.

94 648 235 714 Differat
247 647 328 712 haee
338 667 513 731 numquam
525 668 585 711 neo
596 650 707 730 poscet
716 647 855 732 garrula,
872 647 956 732 quod
970 651 1005 712 te

138 732 304 797 Astrietus
326 732 431 815 ploret
452 753 546 815 saepe
568 731 694 795 dedisse
714 734 821 815 pater,

95 817 167 883 Neo
183 816 267 881 dioet
283 817 413 900 ‘timeo‚
427 837 566 900 propera
579 816 644 880 iam
659 837 803 901 surgere,
819 836 950 899 quaeso:

138 901 275 982 Infelix,
297 899 392 964 hodie
414 901 463 964 vir
483 900 564 964 mihi
585 922 657 964 rure
678 901 788 965 venit’
968 912 1004 961 20

97 985 141 1050 Et
163 1007 243 1068 quas
257 984 439 1068 Euphrates
454 987 487 1048 et
501 1007 579 1068 quas
600 984 681 1048 mihi
702 985 791 1048 misit
806 983 943 1050 Orontes
950 1033 959 1067 ,

138 1069 195 1134 Me
216 1069 349 1134 inerint:
371 1069 472 1133 nolim
494 1069 579 1132 furta
600 1069 716 1152 pudiea
736 1069 813 1153 tori3

97 1153 242 1219 Libertas
265 1153 418 1237 quoniam
438 1153 520 1217 nulli
541 1153 606 1216 iam
627 1156 727 1218 restat
748 1153 883 1217 amanti:

140 1237 271 1326 [Nullus
293 1237 472 1321 liberarit,
494 1237 593 1322 siquis
616 1259 723 1302 amare
744 1235 852 1326 volet].

445 1365 588 1378 naun——

364 1449 485 1526 xum
513 1451 691 1545 [rrum.

100 1574 166 1638 ‘Tu
186 1575 342 1660 loqueris,
365 1596 437 1640 oum
459 1575 503 1639 sis
525 1575 590 1638 iam
611 1579 689 1638 noto
712 1574 819 1638 fabula
840 1574 922 1638 libro

139 1659 185 1723 Et
205 1663 261 1724 tua
282 1660 327 1724 sit
346 1662 416 1723 toto
439 1657 579 1742 Cynthia
600 1659 682 1723 lecta
703 1658 790 1723 foro:

100 1742 159 1809 Oui
179 1766 247 1808 non
267 1744 318 1808 his
340 1744 446 1808 verbis
468 1746 618 1828 aspergat
636 1745 782 1826 tempora
803 1739 920 1806 sudor?

140 1827 229 1893 Haut
250 1828 353 1913 pudor
366 1828 530 1912 ingenuis,
554 1827 634 1892 haut
647 1826 826 1892 reticendus
845 1831 956 1890 amor!

102 1911 191 1988 Quod
213 1914 242 1978 si
262 1917 330 1977 tam
350 1913 455 1976 faoilis
478 1913 614 1995 spiraret
635 1910 774 1996 Cynthia
794 1908 904 1992 nobis,
982 1921 1000 1970 5

141 1996 216 2062 Non
239 2019 299 2082 ego
321 1997 482 2081 nequitiae
503 1996 625 2061 dioorer
646 2017 715 2060 esse
738 1998 846 2079 eaput,

103 2079 168 2145 Nee
189 2083 235 2146 sie
257 2085 437 2166 pertatem
459 2080 589 2144 infamis
611 2080 793 2144 traducerer
813 2077 940 2161 urbem,

140 2165 257 2230 Vrerer
279 2169 311 2230 et
332 2166 493 2249 quamvis,
516 2164 647 2229 nomine
668 2165 766 2229 verba
786 2163 903 2228 darem.

105 2248 264 2324 Querens
286 2251 347 2315 tibi
368 2251 412 2314 sit
431 2251 548 2314 mirum
568 2271 620 2314 me
643 2269 792 2333 quaerere
813 2247 906 2313 viles:

142 2334 270 2400 Parcius
292 2335 463 2399 infamant:
486 2355 564 2398 num
585 2335 645 2398 tibi
667 2354 762 2400 eausa
783 2333 887 2398 levis?
968 2346 1002 2393 10

105 2415 145 2482 Et
164 2419 260 2483 modo
282 2420 415 2502 pavonis
438 2419 555 2483 caudae
575 2418 703 2484 flabella
723 2417 878 2502 superbae

141 2503 184 2568 Et
204 2504 352 2568 manibus
374 2503 452 2567 dura
472 2505 575 2590 frigus
596 2503 713 2568 habere
735 2505 802 2587 pila

104 2583 145 2652 Et
164 2589 252 2672 eupit
273 2589 390 2652 iratum
411 2589 494 2652 talos
516 2610 567 2652 me
588 2609 719 2670 posuere
742 2587 895 2668 eburnos,

142 2671 290 2756 Quaeque
310 2673 417 2737 nitent
438 2672 535 2737 Saura
555 2672 632 2735 viiia
653 2672 738 2734 dona
759 2667 830 2733 Via

15 2815 16 2820 ,
103 2755 132 2818 A
141 2779 282 2840 peream,
300 2758 328 2820 si
343 2757 469 2821 meista
482 2758 612 2820 movent
623 2753 804 2837 dispendia:
827 2751 882 2816 sed
893 2773 944 2816 me
967 2763 1000 2812 15

141 2841 259 2906 Fallaei
283 2842 429 2906 dominae
464 2863 515 2906 am
536 2840 635 2924 pudet
656 2859 725 2904 esse
746 2839 863 2902 iocum.

440 2971 591 2980 --.-—-

445 3055 593 3129 xvfflr.

103 3174 171 3242 Hoc
192 3183 261 3244 erat
282 3180 317 3243 in
339 3179 451 3263 primis
467 3178 552 3263 quod
567 3199 618 3241 me
632 3175 770 3261 gaudere
791 3174 945 3239 iubebas?

142 3263 221 3328 Tam
242 3268 275 3328 te
297 3264 471 3330 formosam
491 3284 558 3326 non
579 3261 678 3346 pudet
699 3281 768 3324 esse
790 3259 914 3326 levem?

103 3342 172 3411 Vna
187 3352 242 3413 aut
257 3349 358 3412 altera
371 3371 436 3412 nox
450 3347 625 3413 nondumst
638 3346 675 3409 in
689 3367 796 3410 amore
810 3350 955 3429 peracta,

142 3431 185 3496 Et
207 3433 296 3498 dicor
317 3435 402 3498 leuto
424 3434 488 3498 iam
509 3432 615 3518 gravis
638 3451 706 3496 esse
727 3434 792 3496 tue.
964 3441 999 3491 20

81 3513 156 3580 sMe
177 3519 274 3583 modo
296 3517 448 3584 laudabas
471 3520 503 3583 et
525 3517 666 3583 earmina
686 3521 797 3582 nostra
818 3513 961 3600 legebas:
