2444 4056
414 239 628 298 PRAEFATIO.
944 254 1007 304 m

103 405 163 478 55,
180 407 199 464 9
219 422 243 465 1
258 403 302 464 cel
320 409 346 464 tc
365 406 407 465 sic
424 407 486 480 epse
503 408 690 482 depilatum
704 408 747 466 ite
760 408 914 469 verissime
930 410 1004 483 cdd,

40 491 175 565 pertinet
193 487 273 547 enim
291 488 368 546 illud
386 489 431 548 ccl
443 492 486 550 sie
500 489 537 548 ed
551 490 719 566 proximum
728 495 872 566 pessimae
880 494 1004 568 paellae.

42 573 217 644 Schvvabius
235 589 326 633 averes
344 576 371 632 tc
391 575 494 632 centra
515 576 659 633 metrum:
681 575 816 650 videnda,
831 595 907 652 quae
927 577 1006 636 Infra

41 658 75 716 de
91 657 208 718 Catulli
222 655 357 716 versibus
370 655 530 731 phalaeciis
546 657 691 717 dicentur.

103 741 148 799 ib.
166 742 205 798 11
231 739 344 800 ncdma
363 742 463 800 mcum
482 741 622 802 reducens
643 741 807 814 Aventius,
827 745 941 804 meum
960 761 1005 806 re·

41 826 112 884 aare
126 843 157 882 v.

103 907 148 966 ib.
167 908 205 965 13
220 925 285 982 sqq.
314 907 380 966 Hoc
392 907 426 968 in
438 908 503 967 leco
519 908 726 968 constituendo
741 911 829 984 plane
843 928 910 970 sum
925 928 1005 970 secu·

42 994 89 1050 tus
109 989 350 1064 Lachmannum,
376 991 434 1050 nisi
460 990 626 1066 quodcum
646 993 764 1054 Handic
791 993 897 1070 scripsi
920 996 1007 1054 niven

42 1077 157 1148 dicque
171 1075 247 1149 cipe,
262 1073 327 1132 cdd.
343 1074 423 1134 enim
436 1073 548 1133 habent
561 1077 742 1151 genetivum.

104 1158 149 1216 ib.
166 1157 205 1216 29
221 1162 337 1218 1111111
352 1157 541 1232 Schraderus,
555 1161 669 1221 iunctos
682 1157 720 1217 V.

104 1241 149 1300 ib.
167 1241 206 1298 14
220 1245 270 1302 ten
282 1241 427 1314 Muretus,
441 1246 468 1301 te
481 1243 516 1300 in
530 1241 595 1301 cdd.

106 1325 160 1396 57,
177 1325 195 1383 9
209 1326 294 1385 sorici
309 1324 450 1400 Scaliger,
465 1325 536 1386 sccii
548 1330 575 1384 et
587 1325 625 1384 V.

93 1410 159 1550 agl,
174 1408 216 1467 46
237 1409 302 1482 qais
318 1409 389 1470 deas
401 1410 496 1484 mys
509 1410 624 1480 1111111·
638 1412 736 1490 cuniis
749 1409 908 1487 Heuptius,
924 1429 1006 1472 ama·

106 1575 148 1636 ib.
165 1577 205 1635 68
220 1576 329 1649 cinpier
344 1575 534 1650 Schraderus,
549 1579 637 1636 nitier
651 1577 711 1651 alii,
726 1579 814 1637 victer
827 1577 865 1636 V.

106 1659 149 1718 ib.
165 1660 204 1716 77
221 1660 291 1720 aces
305 1658 494 1735 Schraderus,
510 1661 590 1722 adest
604 1659 642 1719 V.

107 1742 148 1800 ib.
165 1743 205 1800 79
227 1743 319 1802 tardet
332 1744 474 1818 inpensas
488 1745 604 1817 puden
623 1744 699 1802 illud
713 1745 815 1812 tardet,
831 1745 910 1818 quod
924 1745 1007 1803 venit

47 1845 65 1882 a
82 1824 227 1886 tardendo
246 1825 411 1885 rectissime
425 1825 463 1899 V,
483 1827 582 1887 tardat
601 1825 680 1884 Itali.
701 1857 742 1866 -
763 1827 837 1884 Post
850 1826 927 1883 hunc
942 1845 1006 1884 vcr-

47 1929 112 1968 sum
124 1909 215 1968 huius
229 1909 400 1985 systematis
410 1909 648 1981 Pherecratem,
660 1925 727 1967 cum
741 1908 838 1967 tribus
850 1907 1007 1982 insequen-

48 1993 86 2052 tis
100 1992 259 2069 Glpccneis
273 1993 415 2052 excidisse
430 1993 568 2052 arbitror.
597 1991 708 2052 Mirum
722 1991 806 2064 illud,
822 1991 901 2068 quod
914 1993 1006 2052 Lach-

48 2095 173 2136 mennus
184 2076 395 2152 plaudentibus
409 2076 559 2152 plerisque
573 2093 692 2136 versum
706 2093 789 2148 quem
802 2081 900 2135 tamen
913 2080 1007 2152 mapls

48 2161 170 2222 11111111
188 2178 226 2218 ex
244 2161 310 2220 loco
330 2161 580 2236 opportunissimo
599 2159 718 2219 traiecit
735 2160 768 2218 in
782 2159 1005 2219 alienissimum.

48 2244 182 2318 Apparet
200 2243 281 2304 enim
300 2242 332 2302 in
353 2243 488 2303 versibus
502 2245 572 2318 pest
587 2245 625 2301 79
641 2243 813 2318 interceptis
828 2243 936 2302 dixisse
952 2243 1005 2303 Ca

49 2327 156 2386 tullum
169 2329 312 2402 ve'rpincm
330 2327 566 2387 annectendam
585 2329 686 2386 aeaco
701 2327 824 2386 11111111
837 2343 896 2387 esse
909 2343 1006 2387 ccccc-

49 2415 117 2470 tcm.
144 2411 250 2486 Neque
270 2410 307 2468 ad
327 2409 506 2486 paginarum
516 2428 659 2470 versuum
677 2428 843 2482 numerum,
859 2427 948 2485 quem
961 2410 1006 2468 in-

49 2493 146 2553 stituit
156 2494 373 2568 Lachmannus,
390 2493 608 2554 defendendum
616 2493 669 2551 illa
677 2493 850 2553 traiectione
861 2511 935 2569 epus
950 2495 1006 2552 est.

111 2577 150 2636 ib.
166 2579 216 2650 82,
233 2580 274 2636 83
289 2595 350 2638 nme
363 2577 417 2637 ses
430 2575 611 2637 Amneclcia
619 2577 818 2650 periculamst.

112 2661 235 2722 Servavi
254 2679 321 2720 cum
340 2660 489 2735 plerisque
508 2659 584 2718 illud
596 2657 805 2728 Armeniae,
825 2660 904 2734 quod
923 2679 1006 2736 pras-

50 2744 121 2802 bent
134 2744 209 2818 cdd,
226 2744 277 2802 alii
290 2743 500 2805 Aurenses.
557 2763 560 2769 ·

112 2828 151 2886 ib.
167 2829 208 2887 94
222 2829 286 2888 cide
302 2833 335 2888 ut
347 2828 443 2899 seces·
456 2828 499 2886 ite
513 2829 677 2888 rectissime
691 2828 770 2886 Itali.
799 2827 877 2886 Nem
892 2827 1006 2884 similli-

51 2929 98 2968 me
111 2930 139 2969 v.
156 2914 194 2970 77
216 2911 331 2970 dixerat
346 2909 481 2971 Catullus
494 2913 581 2972 viden
594 2916 627 2971 ut
641 2911 728 2983 faces,
750 2929 787 2968 ex
800 2929 858 2984 quo
873 2909 906 2967 iu
921 2910 1007 2968 illum

52 2994 166 3053 illatum
186 2997 232 3055 cst
249 2996 343 3056 viden.
373 2995 472 3054 Minus
487 2998 567 3054 recte
581 2995 787 3054 Lachmannus
802 2993 839 3051 ed
853 2993 940 3052 Luer.
955 3013 1007 3070 pg.

55 3079 110 3135 197
125 3097 191 3138 cum
214 3079 280 3139 aliis
302 3080 389 3140 cidere
406 3078 494 3149 faces,
509 3077 653 3137 adductus
667 3077 788 3153 quidem
802 3079 1007 3154 grammatico·

54 3179 117 3218 rum
129 3165 264 3222 veterum
283 3163 468 3238 quorundam
487 3161 622 3238 argutiis,
647 3161 698 3236 qui
718 3161 867 3220 affirmant
880 3162 1008 3235 perticu-

1 3303 2 3312 ,
53 3244 111 3302 lam
128 3251 169 3316 at,
190 3247 217 3306 si
235 3246 315 3306 idem
329 3248 428 3308 valeet
445 3246 525 3321 quod
545 3247 697 3318 quomado,
719 3249 805 3304 acuto
825 3247 946 3304 accentu
965 3242 1014 3302 cf·'

52 3326 130 3387 ferri.
160 3327 206 3388 cf.
221 3329 334 3389 Ritsch.
349 3331 425 3405 prol.
441 3330 473 3388 in
489 3329 571 3389 Trin.
587 3349 637 3407 pg.
655 3331 724 3402 220,
742 3331 791 3387 21.

113 3412 151 3470 ib.
168 3415 207 3472 99
217 3415 331 3486 probra
345 3413 424 3487 Itali,
435 3431 527 3487 proca
541 3413 577 3472 V.
613 3461 620 3469 ,

1 3572 2 3580 ¹
113 3495 152 3554 ib.
170 3497 229 3556 102
246 3498 318 3572 pain
332 3497 411 3572 Itali,
427 3515 480 3570 pue
495 3495 531 3576 V
658 3539 664 3546 -
