2464 4020
437 244 650 320 PRAEFATIO.
960 257 1023 306 xm

118 417 165 476 ib.
180 415 231 482 52.
259 413 335 476 Post
347 413 425 475 hunc
438 430 560 474 versum
574 413 716 478 collocavi
731 415 782 487 87,
798 415 849 474 88.

118 501 165 559 ib.
186 500 225 560 57
253 515 372 558 maere
399 514 526 572 aeraque
547 499 601 572 pio
626 515 713 558 conor
738 499 888 572 deponere
914 515 1024 562 verear.

46 585 161 660 Vulgo
180 585 297 642 emenia
316 613 358 623 —
378 583 431 656 pio
453 613 495 622 -
519 597 620 652 ceram
649 600 708 658 qua
735 600 773 642 ne
801 581 874 658 fingi
903 583 1024 658 quidem

48 671 163 745 potest
175 667 302 726 lectione
316 665 456 742 ineptius.
477 664 565 724 Mitto
580 665 760 741 anaphoram
774 667 920 737 insciam,
936 668 1027 726 mitto

51 771 183 813 sensum
197 752 344 815 absonum
358 747 442 827 (nam
456 749 536 826 quod
551 753 669 810 secutus
684 750 793 809 sithoc
807 750 884 809 libro
899 749 1024 825 Proper-

50 839 118 920 tius
142 835 301 896 consilium
320 833 384 910 ipsa
403 835 507 908 aperte
525 832 657 896 declarat
674 853 703 893 v.
720 831 790 910 69):
814 833 866 892 aad
880 835 947 910 quia
961 853 1027 894 um-

51 939 152 996 quam
170 918 277 978 Latine
292 921 345 976 aut
363 917 438 979 dixit
457 919 509 975 aut
529 916 609 976 dicet
627 920 742 978 mecam
756 919 906 992 disponere
919 919 1028 980 versu?

52 1003 114 1063 Hic
132 1002 222 1064 solita
236 1001 364 1062 felicitas
377 1001 512 1060 desumit
526 1001 760 1074 Lachmauaum,
775 1003 828 1076 qui
843 1002 928 1060 affert
942 1002 1027 1077 quasi

53 1087 172 1152 similia
190 1085 324 1145 Lucretii
342 1085 414 1144 haec
434 1087 585 1158 capenae
603 1087 737 1148 manaae
757 1086 807 1148 vel
833 1081 925 1162 (quod
946 1086 1028 1144 idam

54 1168 157 1248 valet)
172 1171 251 1230 donc
262 1171 413 1244 disponere
423 1170 585 1229 valcamus
594 1187 702 1232 rerum.
723 1169 787 1230 Neo
799 1170 909 1230 rectius
920 1170 1028 1232 Horu*

54 1254 185 1332 bergiua
198 1253 242 1312 ita
254 1252 378 1330 exponit
388 1252 513 1312 verbum
527 1253 611 1327 illud,
626 1254 711 1330 quasi
725 1257 814 1330 poeta
828 1271 903 1329 quaa
918 1253 1027 1314 descri-

55 1340 112 1398 bat
133 1339 200 1414 ipae
220 1337 336 1398 efficere
356 1336 493 1398 videatur
512 1338 644 1412 moenia,
664 1357 735 1396 nam
754 1337 861 1398 horum
875 1342 1028 1398 auctorem

56 1423 152 1482 modo
177 1423 280 1498 lupam
301 1421 441 1482 Martiam
461 1420 585 1480 dixerat.
627 1419 798 1482 Videndum
817 1423 917 1496 potius
937 1440 1028 1497 quam

56 1507 151 1566 facile
166 1524 202 1572 ex
216 1521 335 1566 macera
348 1524 403 1580 pro
418 1523 477 1581 quo
492 1504 657 1579 antiquitus
670 1505 769 1564 fuerat
789 1507 933 1578 scriptum
953 1521 1030 1565 rme·
1065 1555 1069 1561 .

57 1609 131 1654 aare
145 1590 279 1666 potuerit
293 1589 366 1648 oriri
379 1589 412 1648 id
425 1589 505 1664 quod
518 1587 653 1663 proxima
667 1589 830 1663 praecessit
841 1590 965 1648 caeca.

125 1675 167 1733 ib.
186 1674 225 1735 65
240 1675 373 1748 quicquic
387 1673 517 1748 optimus
532 1673 617 1746 liber,
633 1671 713 1746 quod
727 1671 840 1743 reduxi,
854 1674 882 1730 ai
895 1674 960 1744 quia
973 1690 1002 1730 v.

124 1757 168 1818 ib.
185 1758 225 1816 73
240 1759 363 1818 accersis
376 1756 515 1816 lonium
528 1755 567 1829 N,
588 1758 709 1818 arcessis
724 1756 852 1816 tramis
866 1753 902 1814 Gr.
932 1756 1030 1814 Immo

61 1911 175 1970 auersis
188 1909 326 2007 rythmi&
346 1909 417 1984 quia
436 1910 507 1968 sunt
526 1909 657 1984 elegiaci
687 1907 762 1967 Erat
782 1907 815 1966 in
834 1906 912 1965 arch
928 1847 1030 1975 iamim·
1092 1947 1097 1953 -

61 1994 144 2069 quod
164 1995 217 2068 qui
236 2011 374 2090 accepere
395 2011 450 2068 pro
471 1994 583 2064 crimie,
605 1995 639 2051 ut
652 1991 760 2050 Latina
774 1992 881 2050 saltem
895 2009 952 2050 vox
967 1989 1028 2048 effi-

62 2081 192 2150 ceretur,
213 2078 357 2151 scripsere
378 2076 515 2138 lacrimis.
545 2076 593 2134 Ita
614 2075 689 2134 dixit
702 2074 847 2134 Martialis
867 2075 917 2136 scd
931 2080 963 2134 tc
977 2091 1030 2134 co·

62 2179 131 2220 aaa
150 2162 240 2221 tabes
258 2177 358 2220 comeo
377 2159 457 2230 fonte
476 2176 609 2220 sororum
622 2159 799 2237 impositam.
828 2157 870 2218 Et
889 2159 1030 2234 frequens

63 2245 217 2304 vocabulis
232 2243 352 2304 Graecis
367 2243 457 2320 Prcp.

126 2329 170 2388 ib.
187 2330 227 2387 93
241 2346 291 2387 mu
291 2329 345 2390 tria
359 2345 476 2401 avarae,
491 2328 592 2404 potina
606 2329 717 2394 Mortes
730 2331 823 2389 avari

127 2411 170 2471 ib.
189 2413 246 2472 101
268 2411 356 2482 facito
375 2417 473 2471 cotum
493 2413 613 2472 Lachm.
635 2409 673 2490 (c.
688 2412 776 2484 facito
791 2408 923 2487 Burm.),
944 2410 1032 2482 facilc

64 2501 164 2556 colam
178 2495 248 2569 NG,
263 2499 361 2556 cotum
373 2495 460 2566 facite
474 2496 553 2568 Itali,
569 2498 718 2556 sententia
731 2499 830 2558 minus
845 2495 983 2569 simplici.

127 2597 171 2656 ib.
188 2595 364 2656 121—126.
392 2597 477 2658 Dixit
491 2596 527 2654 da
540 2595 597 2654 hoc
611 2597 676 2654 loco
691 2613 786 2670 nuper
800 2595 947 2659 Hernicus
962 2593 1030 2653 Nis-

66 2681 177 2753 senius,
192 2681 240 2740 vir
254 2680 452 2751 doctissimus,
468 2699 508 2737 m.
523 2679 579 2738 Rh.
594 2679 658 2751 XX,
675 2679 735 2736 219
751 2697 826 2752 sqq,
847 2680 981 2736 accurate
995 2679 1033 2734 ut

66 2765 153 2837 solat,
174 2765 273 2840 minus
292 2767 394 2823 tamen
413 2763 532 2822 adiutus
552 2761 633 2823 idem
654 2761 799 2823 sermonis
812 2761 899 2823 latini
912 2761 1031 2835 peritia.

64 2847 172 2924 Neque
194 2848 273 2906 enim
293 2848 397 2924 fugere
421 2865 489 2905 eum
511 2845 639 2905 debebat
658 2845 734 2904 illud
747 2847 853 2918 soraee
867 2845 899 2903 in
913 2863 941 2902 v.
960 2844 1031 2914 124,

65 2931 97 2990 in
112 2951 172 3006 quo
187 2933 300 2992 multus
315 2933 361 2990 est
374 2931 558 3005 explicando,
573 2947 670 3004 neque
685 2947 774 2988 sensu
788 2946 853 2987 ease
868 2929 929 2987 ullo
946 2923 1033 3003 (q'uid

65 3017 148 3074 enim
167 3016 278 3077 mirum
299 3015 398 3074 lacum
412 3014 560 3072 Vmbram
580 3014 697 3074 melicis
715 3011 800 3088 aquis
814 3012 992 3073 incalescere
1000 3009 1032 3087 1)

66 3102 97 3157 et
112 3101 149 3158 ab
164 3099 317 3175 analogiae
326 3098 451 3158 Latinae
465 3097 583 3174 legibus
593 3097 686 3173 longo
699 3095 858 3156 intervallo
872 3096 1031 3154 remotum.

65 3181 112 3242 De
126 3201 186 3259 qua
196 3202 233 3258 re
247 3181 375 3244 videnda
394 3200 471 3258 quae
482 3182 600 3242 notavit
613 3179 820 3243 Lachmannus
835 3179 872 3238 ad
886 3180 974 3240 Lacr.
990 3179 1031 3251 H,
1083 3235 1090 3246 ,

67 3267 149 3327 301.“
171 3267 218 3326 Tu
232 3285 303 3327 vero
323 3285 433 3342 repone
452 3266 618 3325 mutatione
632 3265 711 3324 facia
730 3265 806 3324 nulli
827 3264 979 3324 simillima
1000 3263 1033 3319 id

66 3350 147 3426 quod
161 3354 208 3410 est
220 3353 248 3412 si
261 3355 342 3424 caper.
371 3351 450 3408 Nam
467 3350 545 3408 illud
565 3355 647 3410 rorat
666 3349 756 3408 etiam
772 3349 809 3408 ad
822 3347 951 3424 proximi
965 3363 1032 3405 ver·

67 3452 117 3494 sus
132 3435 299 3502 subiectum
312 3436 462 3510 pertinere
476 3434 668 3493 manifestum
682 3437 738 3494 est.

128 3516 654 3590 timenutherensium.
740 3559 743 3563 -
815 3585 820 3592 ,
