2486 4010
2 3104 7 3141 l

81 195 140 266 111]
454 195 562 252 nana
583 195 618 252 1.

120 357 213 422 Lucis
236 359 268 422 et
290 357 435 422 auetores
457 374 525 422 11011
547 358 622 422 dare
644 379 773 423 earmen
795 381 878 426 aves.

83 441 234 508 Noctibus
255 440 400 506 hibernis
422 443 597 506 castrensia
616 463 717 525 pensa
738 444 848 508 laboro

120 525 162 590 Et
182 525 281 610 Tyria
300 525 336 590 in
356 525 464 590 radios
486 525 605 590 vellera
626 530 713 590 saeta
734 548 819 610 suos,

82 609 121 675 Et
142 610 244 692 diseo,
268 631 331 692 qua
352 609 545 693 parta-fluat
565 610 739 674 vincendus
760 611 900 688 Araxes,
1010 625 1043 674 ³5

121 693 205 770 Quot
227 694 297 758 sine
319 715 402 776 aqua
423 691 562 758 Parthus
588 694 678 759 milia
700 699 806 759 currat
827 717 936 779 equus,

83 779 124 844 (10
147 800 184 842 01
205 780 239 842 01
261 797 279 840 0
300 777 410 842 tabula
430 778 535 861 pictos
558 778 698 842 ediscere
719 778 868 862 mundos,

120 800 227 937 dualis
250 863 283 925 et
303 861 382 925 11100
405 861 491 924 doeti
513 862 555 926 sit
576 863 721 945 positura
742 863 807 948 dei,

83 945 163 1022 Quae
184 946 280 1010 tellus
303 944 454 1009 sitiente
474 946 567 1030 gelu,
597 968 678 1030 quae
699 948 802 1030 putris
825 947 865 1010 ab
888 950 986 1032 aestu,

119 1031 243 1097 Ventus
264 1029 300 1093 in
320 1029 448 1093 Italiam
470 1030 525 1112 qui
545 1031 627 1094 bene
648 1031 720 1096 1011
740 1031 833 1096 ferat.
1009 1043 1044 1094 40

83 1114 212 1180 Adsidet
233 1135 299 1178 nna
321 1135 422 1197 soror,
446 1114 529 1178 euris
551 1117 584 1178 et
604 1114 724 1198 pallida
742 1116 852 1182 nutrix

120 1199 246 1263 Peierat
266 1198 393 1262 hiberni
413 1199 568 1282 temporis
590 1221 659 1262 esse
680 1221 798 1264 moras.

82 1281 167 1348 Felix
188 1282 380 1365 Hippolyte!
407 1282 495 1346 nuda
517 1283 701 1370 tulitarma
721 1285 842 1369 papilla

119 1367 164 1432 Et
184 1367 267 1430 texit
288 1367 381 1450 galea
401 1366 538 1431 barbara
559 1368 657 1432 1110110
679 1371 783 1452 caput.

82 1451 232 1516 Romanis
254 1451 378 1514 utinam
399 1451 704 1535 patuissentcastra
724 1453 855 1536 puellis!
1010 1462 1044 1514 45

120 1535 236 1600 Essem
257 1535 391 1599 militiae
414 1535 540 1600 sarcina
560 1535 624 1598 fida
644 1537 734 1617 tuae,
763 1581 778 1608 .

79 1620 146 1686 Neu
168 1641 220 1684 me
240 1620 405 1684 tardarent
426 1619 577 1702 Scythiae
597 1620 683 1704 iuga,
706 1640 777 1683 eum
798 1622 891 1702 pater
912 1619 991 1683 altas

121 1704 273 1768 Aetheris
295 1704 330 1768 in
351 1704 487 1788 glaciem
508 1705 629 1788 frigore
650 1704 752 1767 nectit
773 1723 880 1786 aquas.

79 1789 192 1855 Omnis
208 1809 298 1854 111101
311 1809 463 1874 magnus,
487 1789 542 1852 sed
557 1791 668 1872 aperto
683 1787 719 1851 in
734 1788 871 1872 coniuge
885 1786 1001 1851 maior:

119 1873 215 1937 Hanc
237 1873 362 1956 Venus,
384 1875 421 1936 ut
442 1873 544 1955 vivat,
566 1872 702 1936 ventilat
722 1872 794 1955 ipsa
814 1871 928 1935 facem.
1008 1884 1042 1932 00

79 1957 165 2024 Nam
185 1956 266 2021 mihi
288 1955 373 2040 quo?
396 1955 513 2021 Poenis
533 1957 594 2021 tibi
614 1977 756 2040 puipura
769 1955 893 2040 fulgeat
908 1955 1002 2020 ostris

121 2041 360 2126 Crystallusque
382 2063 469 2105 meas
497 2044 590 2105 ornet
616 2061 735 2123 aquosa
755 2061 878 2104 manus.

80 2126 196 2192 Omnia
218 2126 313 2190 surda
333 2128 457 2208 tacent,
479 2125 620 2208 rarisque
643 2123 773 2188 adsueta
794 2123 939 2189 kalendis
1015 2124 1021 2129 ’

120 2210 186 2276 Vix
208 2210 312 2293 aperit
334 2210 458 2274 clausos
478 2231 543 2273 una
563 2209 671 2292 puella
692 2209 785 2291 lares,

80 2293 252 2361 Glaueidos
274 2297 307 2358 et
321 2294 443 2360 catulae
457 2314 520 2357 vox
542 2297 591 2358 est
611 2293 692 2358 mihi
705 2298 798 2382 grata
812 2291 990 2380 querentis:
1011 2303 1045 2354 55

120 2379 183 2443 Illa
202 2377 251 2442 tui
295 2381 396 2443 artem
418 2377 558 2443 vindieat
578 2399 643 2442 una
663 2380 745 2443 1010.

80 2463 173 2529 Flore
197 2401 315 2526 aduella
336 2466 430 2548 tego,
453 2463 601 2528 verbenis
624 2463 764 2546 compita
784 2465 871 2546 1010,

121 2547 166 2612 Et
186 2550 296 2630 erepat
316 2545 356 2610 ad
377 2547 499 2612 veteres
520 2546 621 2611 herba
643 2546 762 2610 Sabina
781 2547 880 2610 focos.

82 2631 154 2697 Sive
175 2631 211 2694 in
231 2631 370 2695 finitimo
392 2631 515 2716 gemuit
536 2634 627 2694 stans
649 2632 767 2692 noctua
787 2629 891 2714 tigno,

124 2715 186 2780 Seu
207 2714 310 2780 voluit
330 2715 422 2800 tangi
443 2735 540 2798 parea
560 2713 691 2778 lucerna
711 2733 815 2797 meru,
1011 2724 1046 2772 60

81 2799 141 2864 Illa
163 2799 229 2863 dies
251 2798 361 2864 hornis
385 2799 513 2864 eaedem
534 2797 702 2862 denuntiat
723 2797 831 2882 agnis,

124 2883 346 2967 Sueeinutique
370 2884 477 2948 ualent
498 2883 538 2946 ad
558 2904 643 2946 nova
665 2881 753 2945 luera
766 2901 886 3028 ssopae'

79 2967 146 3050 Ne,
167 2988 290 3052 preeor,
313 2968 451 3032 ascensis
473 2967 557 3030 tanti
579 2967 621 3031 sit
642 2967 746 3049 gloria
796 2965 900 3047 astris,

3 3059 4 3096 l
122 3052 264 3135 Raptave
288 3051 421 3117 odorato
445 3050 575 3115 carbasa
596 3051 663 3114 lina
684 3049 757 3114 duci
764 3099 774 3132 ,

80 3137 234 3202 Plumbea
255 3157 328 3200 eum
349 3139 452 3200 tortae
474 3136 669 3218 sparguntm
689 3133 831 3217 pondera
851 3132 979 3218 fundae,
1012 3144 1046 3194 60

124 3219 282 3298 Subdolus
306 3223 338 3284 et
359 3221 458 3284 versis
481 3220 627 3301 increpat
648 3238 740 3281 arcus
764 3217 862 3300 equis.

81 3305 144 3371 Sed
165 3307 234 3390 (tua
256 3305 302 3368 sie
324 3304 454 3368 domitis
476 3301 614 3368 Parthae
635 3301 758 3365 telluris
780 3302 919 3368 alumnis

122 3387 205 3453 Pura
226 3388 459 3472 triumphantes
480 3388 573 3452 hasta
594 3389 745 3470 sequatur
766 3389 879 3472 equos)

81 3473 271 3558 Incorrupta
291 3473 356 3539 mei
378 3492 531 3538 conserva
551 3470 681 3536 foedera
702 3471 787 3536 lecti.
858 3566 893 3621 ν
