2444 4056
408 213 619 271 PRAEFATIO.
950 227 997 273 LV

43 380 173 442 Proximo
194 399 283 442 versu
303 381 336 441 id
355 383 436 458 quod
458 383 504 442 est
522 384 618 442 virum
637 381 783 458 significat
800 383 879 444 cinti
896 383 998 442 robore

42 467 206 537 mutuum.

99 550 139 609 ib.
154 551 194 609 38
210 555 299 609 cutus
313 553 392 608 recte
408 551 471 609 cod.
486 549 664 624 Holsteinii;
687 550 723 608 cf.
740 567 764 610 o.
780 552 836 626 333
857 551 952 622 sactus
966 569 994 610 v.

101 635 148 705 69,
159 634 180 690 4
196 633 382 709 Scriptorum
392 634 551 693 lectionem
561 632 680 692 reduxit
690 633 895 708 Buechelerus,
904 651 995 710 quem

45 716 130 774 secuti
141 735 253 776 sumus.
283 716 351 775 vid.
367 735 442 792 quae
457 717 537 776 idem
551 718 627 778 dixit
640 719 661 776 l.
676 736 716 775 m.
731 737 782 794 pg.
798 719 870 778 409.

102 801 148 872 70,
165 802 184 858 8
199 803 306 875 riperti
320 801 434 876 scripsi,
451 802 488 859 cf.
504 821 552 861 vv.
568 803 616 875 12,
633 802 681 875 13,
696 803 817 876 ruendo
831 820 860 860 v.

99 885 137 942 ib.
156 886 196 942 10
215 885 417 954 famelicorum
437 887 517 944 recte
537 885 590 944 lib.
610 884 785 958 Fauuianus,
807 885 844 944 cf.
860 903 888 944 v.
906 885 934 955 6,
950 884 995 955 sa·

44 968 200 1026 metaurum
212 987 241 1028 v.

99 1052 139 1108 ib.
156 1052 195 1108 12
211 1069 268 1111 aec
283 1052 398 1126 scripsi,
414 1055 449 1110 ut
462 1053 607 1111 vitaretur
621 1053 653 1112 in
668 1054 795 1112 carmine
810 1052 995 1128 elegantissi-

44 1152 88 1192 mo
101 1135 252 1194 scabritias
267 1135 419 1209 orationis,
435 1153 472 1194 ac
485 1157 513 1196 v.

101 1220 149 1291 71,
166 1219 185 1276 2
200 1219 271 1292 putot
284 1219 396 1278 doleam
410 1219 485 1293 edd,
501 1238 576 1279 corr.
591 1221 629 1280 N.
644 1221 796 1280 Heinsius.

101 1301 149 1360 ⁷2.
171 1301 253 1362 Haec
272 1301 363 1362 verba
383 1305 435 1360 aut
449 1304 653 1380 prodigiosum
667 1305 699 1363 in
712 1305 834 1364 modum
849 1305 919 1363 sunt
933 1321 995 1362 cor·

44 1388 132 1460 rupta,
159 1389 210 1442 aut
232 1386 332 1460 potius
358 1405 475 1462 semper
500 1388 537 1446 ab
563 1389 644 1447 omni
669 1407 757 1448 versu
783 1388 865 1446 fuere
890 1387 994 1446 alisna.

45 1467 177 1543 Suspicor
191 1471 271 1526 enim
286 1470 448 1530 sevenisse
459 1471 496 1529 ab
508 1472 611 1530 eodem
625 1472 848 1547 interpolatore,
862 1471 914 1546 qui
927 1473 998 1546 post

45 1570 65 1609 c.
80 1554 118 1610 32
142 1553 249 1611 adiecit
268 1553 488 1627 hexametrum,
509 1557 606 1630 quiin
621 1555 719 1614 Guelf.
736 1557 796 1615 705
811 1555 932 1630 legitur,
953 1553 995 1610 di-

45 1654 156 1694 versum
171 1637 207 1694 ab
227 1636 333 1695 horum
348 1638 511 1696 carminum
525 1639 691 1698 rationibus
705 1639 797 1698 hunc:
819 1655 895 1711 proc
914 1641 998 1696 cutes

43 1718 141 1788 sociae,
155 1721 183 1780 si
195 1722 241 1779 ais
254 1722 359 1780 scroto
374 1721 492 1794 Priapo.
523 1722 662 1780 Fortasse
681 1722 761 1780 idem
776 1739 913 1779 successu
927 1738 997 1778 sane

44 1822 126 1877 quam
145 1799 257 1862 infelici
279 1804 374 1863 voluit
393 1804 541 1878 quandam
562 1823 702 1863 versuum
726 1804 998 1877 Hipponacteorum

45 1887 214 1946 adumbrare
245 1888 383 1962 speciem.
426 1887 507 1945 Illud
528 1887 607 1944 enim
632 1905 693 1945 non
717 1905 838 1962 possum
861 1886 997 1961 probare,

45 1971 118 2046 quod
132 1972 238 2030 statuit
247 1971 455 2045 Buechelerus,
468 1971 504 2030 eb
519 1989 554 2032 eo
569 1972 620 2045 qui
633 1970 760 2029 confecit
772 1971 847 2030 hanc
861 1970 999 2046 syllogen
1023 2023 1033 2058 ,

45 2072 74 2112 ea
87 2055 221 2130 quamvis
235 2054 384 2130 pedestria
397 2058 516 2130 recepta
527 2073 590 2115 esse
602 2053 639 2114 ad
654 2055 858 2130 explicandum
873 2071 998 2129 sequens

44 2139 238 2214 epigramma,
266 2139 345 2214 quod
370 2139 491 2215 quidem
519 2140 573 2198 teli
602 2139 847 2214 interpretatione
876 2139 999 2197 minime

44 2225 116 2300 eget.
136 2223 177 2280 Et
191 2222 330 2281 abhorret
344 2224 380 2294 ab
393 2224 578 2298 antiquitatis
592 2242 675 2283 more
690 2223 732 2282 ita
745 2223 906 2284 immisceri
921 2222 998 2282 solu-

44 2308 102 2364 tam
118 2306 282 2365 orationem
297 2306 416 2382 ligatae.
1034 2357 1039 2378 ,

103 2391 152 2462 73,
170 2393 186 2447 1
202 2406 318 2450 moveor
332 2389 396 2448 cdd.
412 2391 541 2464 quidam,
562 2391 642 2466 quod
655 2393 781 2466 retinui3
803 2391 853 2450 alii
866 2407 1000 2450 moneam

42 2493 91 2531 seu
105 2479 228 2533 moueat.

100 2558 177 2617 ius
199 2559 332 2618 macchia
351 2576 452 2630 macro
467 2558 583 2632 scripti,
606 2560 688 2617 locus
704 2559 859 2632 obscurus;
882 2557 941 2617 vid.
956 2559 1000 2616 ta-

44 2659 109 2700 men
123 2661 199 2716 quae
215 2641 291 2700 dixit
304 2641 502 2700 Buechelerus
516 2643 537 2700 l.
553 2661 593 2698 m.
609 2643 672 2701 410
686 2661 730 2716 sq.

103 2725 179 2797 74,4
195 2742 300 2784 ormam
314 2744 379 2802 ego,
395 2726 475 2800 quod
489 2743 547 2800 quo
558 2726 714 2799 pertineat,
726 2743 813 2783 nemo
827 2743 888 2782 non
902 2724 999 2795 videt3

43 2826 124 2868 orum
138 2809 187 2867 vel
202 2827 303 2870 arrum
317 2809 383 2867 odd.

101 2895 142 2951 ib.
160 2893 209 2951 75.
237 2892 301 2952 Hos
319 2911 424 2952 versus
442 2893 595 2952 verissime
616 2913 633 2950 a
653 2891 853 2966 superioribus
873 2889 1002 2948 seiunxit

43 2975 182 3051 Scaliger,
199 2977 276 3054 cte.
295 2979 343 3036 13.
360 2978 409 3035 22.

104 3063 153 3133 76,
170 3061 189 3116 2
210 3061 337 3135 Mycena
355 3061 465 3132 Aldus,
487 3061 608 3136 Mpceac
628 3059 745 3134 scripti;
765 3058 833 3118 ditis
851 3058 999 3131 Buechel,

42 3144 119 3218 quod
134 3162 186 3202 cur
200 3162 261 3202 non
276 3144 316 3203 sit
329 3163 418 3205 ausus
432 3146 464 3203 in
479 3147 593 3203 textum
608 3143 748 3218 recipere,
764 3162 824 3202 non
837 3142 941 3217 video;
963 3142 1000 3200 cf.

42 3227 68 3286 d.
84 3248 108 3286 r.
124 3248 163 3286 m.
181 3228 339 3302 3843odu.
355 3229 436 3298 utta,
450 3230 528 3288 dives
541 3249 570 3289 v.

103 3312 143 3370 ib.
161 3313 209 3370 15.
232 3311 361 3371 Versum
375 3313 587 3388 interpolatum
600 3311 734 3372 mortales
747 3311 1002 3384 tithompsaoum

41 3396 175 3456 dicursunt
188 3396 254 3454 loco
269 3396 364 3454 movit
377 3395 583 3456 Buechelerus

105 3480 161 3552 77,
177 3481 211 3555 3,
228 3480 247 3536 4
267 3479 370 3538 traieci
390 3483 459 3554 post
474 3483 503 3541 7,
532 3481 609 3539 Nam
623 3481 753 3556 priorem
767 3481 882 3554 partem
898 3475 1000 3533 carmi-
