2470 4010
53 220 114 302 rr]
459 219 575 276 nmen.
620 267 621 270 i

72 385 178 450 Nobis
201 405 221 448 o
244 383 348 448 lucem
371 381 553 447 candidiore
575 383 667 446 nota!

52 471 109 545 luis
132 491 185 532 me
206 489 271 534 uno
294 467 374 532 vivit
394 466 534 549 felicior,
558 470 613 530 aut
635 488 687 530 ma
714 466 738 531 's
759 466 819 532 hac
840 487 893 532 res

74 553 241 640 Optandas
263 553 329 616 vita
352 551 455 616 dicere
477 551 548 634 quis
569 551 689 635 poterit

439 682 592 692 ..ῃ-

454 765 578 840 cvffl.

52 895 83 976 li,
108 891 237 958 Comini
243 939 253 974 ,
275 890 386 975 populi
409 889 538 953 arbitrio
561 893 616 954 tua
637 909 716 953 cana
737 891 883 956 senectus

77 977 234 1060 Spurcata
255 975 378 1062 inpuris
400 974 542 1038 moribus
564 975 713 1057 intereat,

52 1061 111 1126 lon
139 1060 286 1144 equidem
315 1058 426 1123 dubito
454 1058 532 1142 quin
559 1059 698 1142 primum
726 1057 856 1123 inimica
882 1056 937 1122 bo-

77 1230 205 1316 Lingua
227 1231 336 1293 erecta
357 1227 449 1292 avido
472 1228 515 1292 sit
536 1227 610 1292 data
631 1165 783 1311 vldltrdrrliir,

52 1315 181 1379 lffossos
203 1313 313 1377 oculos
333 1316 426 1377 voret
447 1315 516 1376 atro
538 1314 667 1397 gutture
688 1333 815 1395 corvos,
985 1325 1002 1374 5

78 1398 237 1463 Intestina
258 1418 369 1480 canes,
392 1400 496 1461 cetera
517 1398 660 1462 membra
680 1397 757 1480 lupi.

448 1611 589 1686 OVIHI.

52 1736 230 1818 noandum,
252 1755 323 1798 mea
344 1735 424 1817 vita,
447 1734 526 1798 mihi
547 1736 701 1819 proponis
724 1757 864 1799 amorem

80 1821 176 1884 Hunc
196 1821 343 1883 nostrum
364 1820 508 1882 internos
529 1823 778 1902 perpetuomque
799 1819 877 1882 fore.

51 1905 82 1968 li
101 1904 228 1989 magni,
250 1904 346 1967 facite
368 1905 405 1966 ut
426 1923 499 1967 vere
520 1904 707 1986 promittere
727 1903 843 1987 possit,

80 1990 187 2072 Atque
208 1987 242 2052 id
265 1988 387 2052 sincere
409 1987 494 2052 dicat
515 1990 548 2052 et
569 2009 608 2052 ex
629 1988 752 2072 animo,

51 2073 85 2137 'lt
105 2074 200 2137 liceat
221 2071 313 2136 nobis
334 2073 404 2136 tota
424 2072 598 2156 producere
619 2072 685 2136 vita
987 2084 1004 2135 5

81 2158 252 2222 Alternum
273 2156 335 2222 hoo
357 2160 485 2222 sanctae
507 2157 618 2222 foedus
642 2157 809 2221 amicitiae.

446 2287 599 2298 ——-

482 2373 555 2445 CX.

51 2495 202 2577 dnfflena,
224 2494 328 2559 bonae
350 2516 475 2579 semper
497 2495 666 2560 laudantur
687 2495 821 2560 amicae:

83 2580 256 2662 Accipiunt
276 2580 429 2663 pretinm,
453 2601 532 2662 quae
554 2580 657 2644 facero
678 2580 860 2643 institrunt.

51 2665 90 2728 Pu
112 2663 196 2747 quod
217 2664 380 2747 promisti,
402 2663 482 2727 mihi
504 2664 588 2747 quod
608 2664 743 2728 mentita
768 2662 937 2746 inimica's,

85 2747 177 2824 Quod
198 2769 259 2812 nec
280 2748 336 2814 das
358 2750 391 2812 et
411 2748 476 2812 fers
498 2769 610 2832 saepe,
632 2749 711 2813 facis
733 2747 867 2811 facinus.

51 2834 109 2896 dut
129 2832 233 2896 faeere
255 2832 461 2916 ingenuaest,
484 2837 627 2897 autnon
647 2832 803 2916 promisse
818 2830 968 2915 pudicae,
991 2842 1008 2893 5

84 2915 247 2999 Aufilena,
269 2916 345 2982 fuit:
371 2917 428 2980 sed
449 2916 523 2980 deta
545 2918 703 3000 corripere

51 2999 229 3065 Fraudando
251 3004 273 3084 †
294 3001 394 3076 efficit
414 3000 485 3083 plus
508 3022 602 3085 quam
624 2999 799 3065 meretricis
822 3021 951 3085 avarae,

86 3085 172 3162 Quae
195 3106 263 3150 sese
285 3088 355 3150 toto
379 3106 512 3168 corpore
533 3085 708 3169 prostituit.

481 3302 570 3376 CXI.

51 3423 205 3508 Aufilena,
228 3424 296 3488 viro
320 3427 504 3490 contentam
525 3427 631 3491 vivere
653 3427 738 3508 solo,

86 3508 266 3594 Nuptarum
288 3508 357 3572 laus
380 3510 565 3575 claudibus
589 3510 729 3574 eximiis:
