2486 4010
199 228 243 293 56
578 229 772 286 eneruem
1031 235 1185 306 [xxvm.
1235 241 1236 291 3

219 407 250 458 15
264 395 399 460 Illorum
420 394 560 478 antiquis
582 395 754 458 onerentur
774 393 899 479 legibus
921 417 1028 460 aures:

309 479 371 544 Hie
393 480 482 544 locus
506 483 569 561 est,
592 478 628 542 in
670 499 726 561 uo,
747 477 827 542 tibia
848 479 956 562 docto,
980 501 1101 564 sones,

266 563 354 640 Quae
375 585 442 628 non
463 563 530 627 iure
551 561 633 626 redo
691 562 821 626 neandri
842 562 925 627 iacto
945 565 1086 648 uetusti,

309 647 429 731 ‘Itu-pie
450 668 521 712 oum
542 646 661 710 faceret
681 645 821 710 Palladis
844 668 899 712 ore
921 650 1037 712 tumor.

266 731 442 815 Nomium,
457 729 533 796 dure
558 752 651 815 peras
666 727 823 815 Phrygias
837 752 923 796 nunc
933 732 980 796 ire
993 752 1053 815 per
1063 732 1182 798 undas

218 827 254 879 20
309 815 354 880 Et
374 818 481 899 petere
503 779 646 898 H’yrceni
667 813 776 878 littora
796 813 866 880 Eoo
886 815 1001 898 morie,

269 900 426 985 Spargere
448 901 481 964 et
502 899 625 963 alterna
646 919 827 964 communes
850 899 944 964 caede
964 897 1115 965 Penates

310 983 355 1048 Et
375 984 457 1047 ferre
479 983 519 1046 ed
540 983 661 1067 patrios
682 984 823 1067 praemio
844 983 912 1048 dira
931 981 1053 1047 Lares?

268 1067 342 1133 Vna
364 1070 549 1133 contentum
569 1067 688 1152 pudeat
708 1088 760 1132 me
780 1068 886 1133 rivere
907 1067 1030 1132 amico?

310 1151 382 1216 Hoc
403 1153 432 1215 si
454 1151 574 1216 crimen
596 1152 670 1233 erit,
693 1152 814 1216 crimen
833 1153 963 1216 Amoris
985 1151 1060 1216 erit:

218 1247 253 1298 25
267 1235 314 1300 Mi
335 1256 429 1299 nemo
452 1235 577 1300 obiciat.
611 1235 709 1300 libeat
730 1235 804 1318 tibi,
828 1233 982 1320 Cynthia,
1004 1257 1141 1300 meeum

310 1318 448 1384 Roscida
468 1319 623 1384 muscosis
645 1322 739 1384 antra
761 1323 870 1384 tenere
891 1321 986 1406 iugis.

268 1404 339 1469 Illic
361 1403 495 1486 aspicies
517 1403 656 1500 seopulis
677 1403 807 1468 haerere
833 1425 957 1469 sorores

311 1487 355 1552 Et
376 1509 489 1552 canere
511 1488 634 1570 antiqui
656 1487 760 1552 dulcia
781 1488 866 1552 furta
887 1488 990 1571 Iovis,

269 1571 316 1638 Vt
337 1571 492 1652 Semelast
513 1571 711 1655 combustus,
737 1575 774 1638 ut
795 1575 843 1636 est
864 1572 1046 1656 deperditus
1066 1571 1127 1658 10,

219 1670 254 1720 ⁸0
310 1654 455 1740 Denique
476 1659 512 1720 ut
533 1655 574 1720 ed
594 1656 708 1720 'Ihoiae
729 1658 814 1722 tecta
836 1657 951 1721 volarit
972 1657 1050 1722 avie.

271 1741 364 1818 Quod
386 1741 414 1806 si
434 1762 529 1806 nemo
551 1741 652 1823 extat,
674 1740 728 1824 qui
749 1740 862 1805 vicerit
884 1741 969 1805 alitis
993 1761 1102 1825 orme,

313 1824 499 1890 Communis
522 1825 632 1908 eulpae
655 1844 802 1889 currens
824 1847 906 1888 unus
928 1825 1028 1910 agor?

270 1909 340 1975 Nec
361 1913 397 1973 tu
418 1908 595 1995 virginibus
615 1909 792 1973 reverentia
812 1909 950 1974 moveris
975 1930 1047 1973 ora:

312 1992 375 2058 Hic
397 2014 459 2077 quo
482 2015 522 2058 ue
541 2014 609 2057 non
629 1993 733 2056 nescit
746 1993 822 2076 quid
845 1994 887 2058 sit
908 2013 1014 2058 amere
1036 1991 1176 2078 chorus5

221 2089 255 2138 eo
271 2076 305 2143 Si
327 2081 434 2142 temen
456 2015 573 2162 deagri
594 2077 747 2160 quaedem
770 2099 939 2162 conpressa
959 2077 1064 2164 figure

313 2161 468 2226 Bistoniis
491 2163 568 2226 olim
587 2161 718 2245 rupibus
739 2163 893 2244 occubuit.

270 2242 334 2308 Hie
354 2244 409 2306 ubi
430 2267 481 2308 me
502 2247 607 2330 prima
628 2247 770 2310 statuent
790 2247 825 2309 in
845 2249 935 2330 parte
958 2245 1109 2328 choreae,

313 2325 357 2390 Et
376 2327 499 2391 medius
522 2329 615 2393 docta
637 2329 765 2412 cuspide
786 2329 931 2396 Bacchus
954 2331 1030 2412 erit,

270 2409 353 2481 'Puni
375 2410 471 2492 cupiti
494 2431 600 2477 sacros
622 2412 727 2494 potiar
747 2414 884 2498 pendere
907 2414 1091 2498 corymbos:

221 2508 256 2558 40
312 2493 396 2562 Nam
419 2494 487 2559 sine
508 2497 541 2560 te
562 2499 708 2560 nostrum
729 2518 796 2563 non
817 2499 901 2564 valet
922 2499 1100 2584 ingenium.

513 2703 685 2786 xxvmr
712 2713 869 2806 [xmo.

273 2837 405 2914 Quaeris
410 2885 420 2919 ‚
443 2856 499 2900 our
519 2836 645 2900 veniam
666 2835 727 2899 tibi
747 2835 877 2901 tardior.
910 2857 1005 2900 auree
1026 2833 1153 2900 Phoebi

315 2921 460 2986 Porticus
483 2941 502 2983 a
522 2941 641 3005 magno
658 2919 792 2985 Caesare
814 2923 926 3003 aperta,
944 2919 1016 2984 fuit.

272 3006 356 3074 Tota
378 3007 445 3070 erat
465 3005 659 3153 inppeciem
680 3004 797 3069 Poenis
820 3003 945 3089 digesta
967 3003 1148 3086 columnis,

315 3088 404 3155 Inter
425 3111 502 3173 ques
556 3090 628 3172 enai
647 3089 769 3153 femine
789 3089 884 3152 turbe
905 3088 1000 3154 senis.

246 3171 340 3237 eHic
362 3174 507 3256 equidem
528 3171 658 3238 Phoebo
680 3175 765 3238 visus
786 3171 867 3238 mihi
888 3171 1052 3256 pulchrior
1073 3172 1148 3255 ipso

316 3255 512 3322 Marmoreus
533 3259 632 3322 tacita
652 3278 781 3322 carmen
801 3256 890 3322 hiare
911 3258 995 3340 lyra:

274 3339 382 3418 Atque
403 3361 491 3402 aram
513 3341 631 3404 circum
653 3345 808 3406 steterant
827 3335 969 3407 armentu
989 3339 1151 3423 Myronis,

317 3419 471 3493 Quattuor
493 3423 642 3506 artifices,
664 3425 770 3489 vivida
791 3426 899 3509 signa,
921 3425 1031 3488 boves,

274 3502 357 3566 Tum
377 3501 516 3564 medium
538 3503 623 3568 claro
646 3507 798 3592 surgebat
818 3529 975 3572 marmore
996 3507 1155 3590 templum
