2444 4056
408 275 621 337 PRAEFATIO.
910 291 1000 338 mn

45 463 130 504 merus
143 439 476 518 commurmuratus,
491 446 518 504 ia
533 444 584 520 qui
598 443 718 520 scripsit
731 446 946 523 panegyricum
961 447 1001 506 ad

45 528 180 601 Pisonem,
198 529 319 602 Seneca,
335 527 490 599 Martialis,
513 527 718 602 Nemesianus,
733 529 895 604 Palladius,
911 529 1000 592 Clau·

44 613 145 685 danus,
166 613 309 683 Rutilius,
330 611 536 685 Merobaudes,
551 612 692 684 1111111,
714 612 862 688 Seduliua,
877 615 998 690 Arator,

44 696 154 757 Boetius
174 699 206 755 at
224 697 359 771 plerique
379 698 536 770 poetarum
556 697 722 772 minorum3
743 696 880 773 Vergilio
903 717 999 759 accae·

45 784 136 839 serunt
152 780 288 853 Persius,
302 777 454 852 Valerius,
471 780 595 853 Statius,
618 781 725 854 Silina,
740 779 909 854 Ausonius,
924 783 998 842 Pru·

45 864 164 937 lentim,
185 864 338 936 Paulinus,
358 864 421 922 alii
451 863 578 934 Quidam
599 865 733 940 ambigui
752 867 787 924 ut
807 865 948 926 Manilius
968 869 1000 926 et

44 947 182 1008 luvenalis
202 951 255 1006 aut
273 965 328 1023 pro
348 949 492 1008 varietata
513 966 637 1024 operum
659 949 770 1010 diverei
791 953 827 1008 nt
841 949 998 1026 Corippus.

44 1031 172 1090 Ceterum
190 1033 240 1090 111
254 1032 307 1106 qui
320 1032 417 1107 magis
430 1032 635 1107 probavermrt
648 1033 811 1105 Maronem,
827 1032 918 1110 longe
933 1036 998 1109 pln-

43 1116 115 1175 ribus
129 1117 217 1175 rebus
224 1113 365 1176 Ovidimn
380 1133 470 1190 quam
483 1117 592 1191 quibas
606 1116 655 1175 hic
668 1118 781 1192 placuit
795 1118 882 1178 illum
897 1117 998 1178 obser-

43 1217 148 1258 111111

96 1281 162 1342 VII.
177 1283 336 1343 Praeterea
348 1301 404 1360 pro
418 1285 560 1343 materiae
568 1285 741 1344 diversitate
751 1288 783 1344 11
792 1288 890 1362 spatio
905 1287 997 1346 libro-

43 1385 101 1424 rum
121 1368 256 1426 oriuntur
278 1371 443 1426 metrorum
463 1369 610 1430 licentiae.
656 1369 771 1444 Quippe
793 1375 917 1446 apparet
936 1390 998 1430 non

43 1450 136 1510 decere
154 1451 273 1510 admitti
292 1452 372 1510 idem
393 1453 545 1511 breviculo
561 1454 692 1512 carmine
706 1453 785 1528 quod
799 1455 903 1513 multis
918 1456 997 1512 mili·

43 1534 91 1593 bus
109 1554 248 1595 versuum
268 1538 432 1595 constante.
461 1536 539 1595 Nam
553 1537 614 1594 tale
630 1537 701 1594 dum
715 1537 859 1612 legimus,
880 1539 997 1596 animus

43 1618 75 1675 ad
86 1618 172 1678 linem
187 1637 351 1694 properans
367 1637 420 1678 seu
434 1619 589 1680 1111111111
604 1621 747 1679 varietate
762 1639 864 1680 rerum
877 1641 938 1682 non
952 1623 995 1680 ni-

43 1702 126 1760 mium
144 1705 309 1762 inmoratur
327 1702 463 1762 taxandis
483 1703 580 1776 vitiis,
601 1707 633 1762 at
651 1703 761 1779 pusilla
781 1707 870 1778 atque
890 1707 998 1780 exigua

43 1788 156 1844 circuitu
175 1789 294 1862 oportet
313 1787 457 1845 excellere
477 1787 627 1862 elegantia
646 1790 678 1844 et
698 1787 873 1860 subtilitate,
888 1788 997 1862 quibus

43 1871 104 1928 solie
123 1872 226 1930 velent
244 1871 416 1930 virtutibus.
455 1869 532 1928 Tam
547 1870 654 1930 similis
669 1868 798 1928 ambitus
816 1887 906 1944 opera
919 1871 996 1928 mul·

42 1956 98 2010 tum
110 1953 235 2013 interest
248 1954 397 2028 quodnam
412 1953 449 2012 ad
463 1970 558 2029 genus
571 1953 670 2028 poesis
685 1953 863 2028 pertineant.
880 1953 997 2030 Quippe

43 2055 137 2110 graves
151 2042 184 2098 et
196 2039 293 2098 severi
307 2057 375 2097 cum
389 2038 511 2114 tragicis
519 2037 731 2096 etmelioorum
743 2037 895 2112 plerisque
908 2039 995 2114 epici,

43 2121 148 2182 remissi
162 2122 274 2182 satirici
289 2125 321 2180 et
333 2124 370 2180 ut
383 2123 506 2198 quisque
527 2120 652 2179 humilia
666 2124 842 2198 argumente
856 2125 995 2196 sectatus,

42 2205 122 2264 medii
142 2201 280 2264 didactici
301 2209 332 2264 11
350 2206 483 2281 elegiaci.
512 2205 591 2265 Hinc
610 2222 665 2281 pro
683 2207 828 2266 varietate
848 2207 995 2266 librorum

41 2287 148 2350 diverse
159 2308 282 2350 normae
296 2291 436 2349 metricae
448 2289 582 2348 firmitas.
602 2289 770 2349 Fatendum
783 2293 885 2349 tamen
898 2292 996 2366 magis

41 2371 66 2428 id
78 2374 226 2447 pertinere
241 2373 279 2432 ed
292 2372 430 2446 Graecos,
451 2374 560 2448 quibus
574 2374 639 2447 ipse
652 2376 759 2432 natura
773 2374 892 2435 adesset
905 2375 996 2450 longe

40 2458 126 2515 maior
139 2461 170 2517 et
183 2459 257 2516 artis
271 2458 398 2516 varietas
413 2459 444 2516 et
457 2459 542 2532 copia
555 2457 751 2516 licentiarum.

94 2539 277 2600 atramini
291 2541 328 2599 ab
341 2541 549 2616 antiquissimo
562 2540 632 2602 inde
647 2559 719 2600 1111
734 2541 784 2600 111
796 2541 829 2600 in
843 2541 897 2598 heo
910 2543 995 2616 parte

39 2628 183 2684 servantes
197 2625 306 2684 indolis
319 2626 534 2700 proprietatem
547 2625 686 2685 similiter
701 2642 803 2684 omnes
817 2623 996 2684 studuerunt

38 2707 196 2784 elegantiae
209 2711 242 2767 et
255 2709 456 2768 concinnitati.

93 2792 149 2852 His
163 2792 337 2868 praemissis
350 2793 411 2850 iam
425 2793 545 2870 singula
557 2794 721 2852 videamus.

93 2875 198 2952 Itaque
219 2874 331 2936 Catulli
350 2878 481 2936 rationes
501 2879 642 2936 matrices
663 2895 730 2934 oum
749 2893 811 2934 non
829 2875 873 2932 ita
892 2873 996 2934 faciles

38 2959 92 3018 sint
111 2964 142 3020 et
161 2960 325 3036 expeditae,
345 2962 397 3019 vix
409 2961 521 3034 poterit
534 2978 599 3020 asse
613 2961 722 3018 mirum
738 2959 905 3033 etantiqua
920 2960 995 3020 tem·

37 3060 102 3114 pore
116 3047 148 3103 et
161 3045 258 3120 magis
277 3045 397 3104 novello
419 3045 553 3102 extitisse
567 3043 725 3118 plerosque
738 3042 791 3118 qui
805 3042 917 3102 aversis
930 3045 996 3102 nati

37 3124 123 3186 Musis
143 3147 213 3187 cnm
232 3129 334 3187 tamen
353 3127 504 3186 ferrentur
523 3127 561 3185 ad
581 3129 686 3202 poetae
701 3127 792 3185 verba
810 3125 995 3186 emendenda

38 3213 254 3288 oonnmperent
266 3213 467 3288 potiusquam
478 3211 662 3288 corrigerent
672 3212 735 3271 eius
745 3230 858 3272 111111.
875 3211 995 3270 Talium

37 3298 267 3355 commentorum
285 3295 364 3354 haud
382 3314 476 3370 pauca
495 3295 576 3370 quod
594 3297 784 3371 inapparatu
798 3297 900 3355 critico
915 3295 994 3354 exhi-

36 3375 95 3436 buit
115 3379 300 3452 Schwabius,
326 3381 374 3439 vir
393 3381 504 3454 alioqui
531 3381 642 3456 optime
661 3381 785 3439 meritus
806 3381 841 3438 de
862 3378 995 3448 Valerio,

36 3476 167 3524 onerasse
181 3464 281 3523 111111
301 3482 390 3538 quam
409 3482 529 3523 ornasse
552 3463 714 3522 editionem
736 3483 819 3523 suam
834 3461 993 3520 111111111-

36 3546 164 3608 mandus.
192 3547 292 3624 Igitur
309 3546 437 3607 Laevius
456 3550 487 3606 et
500 3546 595 3606 Varro
615 3549 647 3606 in
667 3549 751 3620 parte
772 3546 874 3617 utique
889 3541 993 3599 carmi·
