2486 4010
55 239 149 310 vnn]
380 327 381 332 Ν
471 239 580 294 mana
599 238 634 296 v.
953 235 1014 299 113

56 400 218 466 Femineae
240 401 312 466 loca
333 401 440 466 clausa
462 400 545 482 deae·
560 401 729 484 fontesque
751 400 895 486 piandos,
981 414 1013 462 25

1 551 2 570 ,
93 485 217 569 Inpune
239 489 271 549 et
292 486 390 549 nullis
413 505 504 549 sacra
524 487 645 549 retecta
665 485 752 548 viris.

1 585 3 706 q
56 567 151 633 Devia
173 569 328 666 puniceae
349 569 499 633 velabant
521 568 632 632 limina
653 568 766 652 vittae,

93 652 199 718 Putris
222 653 355 717 odorato
378 653 502 717 luxerat
523 652 599 737 igne
621 674 704 736 casa,

1 713 2 808 l
57 735 192 820 Populus
215 740 248 802 et
269 737 376 822 longis
398 736 532 801 ornabat
552 735 720 801 frondibus
741 737 861 822 aedem,

93 821 257 904 Multaque
279 823 445 886 cantantes
466 820 580 884 umbra
600 824 634 884 te
658 820 732 886 ebat
753 843 837 887 aves.
980 834 1014 883 30

56 903 121 969 Huc
142 905 208 969 ruit
229 905 265 968 in
285 905 403 970 siccam
425 907 621 989 congestap
655 925 729 969 vere
750 905 882 971 barbam

93 988 135 1053 he
156 989 235 1054 iacit
255 991 329 1052 ante
351 989 436 1054 fores
458 989 554 1052 verba
574 988 699 1052 minora
720 989 795 1054 deoc

1 1119 2 1138 1
58 1073 128 1137 ‘Vos
150 1093 274 1156 precor,
296 1094 315 1137 o
338 1073 401 1137 luci
424 1092 512 1137 sacro
535 1093 615 1156 quae
637 1073 748 1137 luditis
770 1077 872 1156 antro,

1 1157 2 1194 ³
93 1156 228 1222 Pandite
250 1156 382 1222 defessis
404 1156 533 1241 hospita
553 1157 629 1221 iana
649 1157 735 1222 viris.

57 1238 164 1305 Fontis
186 1261 284 1326 egens
306 1262 377 1306 erro
399 1242 544 1324 circaque
566 1242 714 1306 sonantia
734 1241 884 1326 lymphis,
979 1253 1013 1302 35

93 1323 135 1390 Et
158 1345 235 1390 cava
256 1328 404 1409 succepto
426 1325 557 1390 flumine
577 1326 685 1423 palma
705 1329 756 1392 sat
776 1330 834 1392 est.

56 1409 237 1474 Audistisne
259 1409 407 1492 aliquem,
429 1413 520 1494 tergo
543 1431 598 1493 qur
619 1409 748 1474 sustulit
769 1409 900 1474 orbem?

92 1493 151 1558 Ille
174 1514 235 1578 ego
257 1515 343 1558 sum:
365 1492 503 1557 Alciden
524 1496 609 1557 terra
630 1496 758 1575 recepta
777 1497 879 1558 vocat.

59 1575 131 1651 Quis
153 1577 239 1642 facta
259 1575 435 1642 Herculeae
457 1598 525 1642 non
539 1575 628 1640 audit
641 1576 739 1640 fortia
755 1578 860 1641 clavae

92 1660 136 1726 Et
155 1682 330 1744 numquam
351 1660 391 1724 ad
412 1664 518 1725 vastas
539 1661 630 1725 irrita
650 1660 715 1724 tela
735 1660 834 1743 ferae,
980 1671 1015 1721 40

59 1745 163 1828 Atque
184 1747 241 1809 uni
263 1744 392 1830 Stygias
405 1743 530 1808 homini
551 1744 669 1809 luxisse
689 1744 860 1809 tenebras?

94 1827 267 1916 [Accipite:
289 1829 367 1894 haec
382 1828 466 1893 fesso
482 1829 536 1893 vix
554 1828 635 1892 mihi
648 1832 734 1893 terra
747 1826 858 1916 patet]

56 1911 145 1995 Quid,
168 1914 197 1977 si
215 1912 334 1977 Iunoni
356 1934 481 1977 sacrum
501 1912 648 1978 faceretis
671 1913 817 1976 amarae?

92 1996 169 2064 Non
191 1997 357 2064 clausisset
377 2017 475 2080 aquas
497 1997 568 2080 ipsa
588 1999 726 2062 noverca
748 2018 830 2061 suas.

56 2077 110 2144 Sin
130 2081 270 2164 aliquam
292 2082 457 2164 voltusque
478 2102 568 2146 meus
590 2083 757 2164 saetaeque
778 2081 881 2146 leonis
980 2093 1014 2143 45

0 2219 2 2238 ,
92 2164 228 2229 Terrent
250 2168 283 2230 et
302 2165 422 2249 Libyco
444 2165 512 2230 sole
532 2167 663 2248 perusta
684 2185 790 2249 coma,

56 2246 140 2312 Idem
163 2269 224 2346 ego
247 2248 378 2314 Sidonia
399 2249 462 2314 feei
484 2249 611 2314 servilia
631 2249 717 2333 palla

93 2333 210 2398 Offic1a
231 2336 263 2398 et
283 2333 373 2416 Lydo
395 2354 496 2418 pensa
517 2333 631 2398 diurna
652 2335 734 2418 colo,

55 2413 160 2482 Mollis
182 2419 215 2481 et
234 2415 392 2482 hirsutum
414 2419 500 2503 cepit
520 2417 599 2482 mihi
620 2417 720 2485 fascia
740 2423 862 2504 pectis,

92 2499 138 2565 Et
158 2500 317 2566 manibus„
329 2501 414 2566 duris
437 2505 511 2585 apta
532 2503 640 2586 puella
659 2503 730 2568 fuir
981 2514 1015 2564 50

55 2582 184 2650 Talibus
206 2586 345 2668 Alcides,
369 2589 403 2649 at
423 2585 541 2650 talibus
563 2585 648 2650 alma
669 2585 828 2668 sacerdos,

92 2668 233 2734 Puniceo
256 2690 351 2734 canas
373 2669 508 2734 stamine
529 2669 637 2734 vincta
658 2689 780 2736 comest

55 2751 162 2818 ‘Parce
186 2753 296 2836 oculis,
318 2753 452 2838 hospes,
476 2753 611 2836 lucoque
633 2752 768 2818 abscede
790 2752 944 2818 verendo:

95 2835 180 2902 Cede
202 2837 338 2922 agedum
360 2841 393 2902 et
413 2840 485 2902 tuta
506 2837 618 2902 limina
639 2838 748 2921 linque
769 2836 856 2922 fuga.

53 2918 226 2985 Interdicta
247 2922 322 2986 viris
344 2921 514 2987 metuenda
535 2923 606 3006 lege
627 2922 743 3006 piatur,
981 2932 1014 2983 ea

93 3003 182 3080 Quae
204 3027 238 3070 se
260 3004 408 3071 submota
428 3004 570 3071 vindicat
591 3027 646 3072 ara
667 3027 748 3071 casa.

51 3087 172 3236 Mcffuo
194 3088 333 3154 Tiresias
354 3090 478 3174 aspexit
498 3089 630 3154 Pallada
650 3093 750 3173 vates,

121 3173 204 3237 ertia
225 3172 301 3237 dum
322 3175 427 3257 posita
449 3172 600 3258 Gorgone
620 3174 764 3239 membra
785 3173 879 3240 lavat.

51 3253 94 3319 Di
115 3257 176 3321 tibi
198 3257 275 3321 dent
296 3258 376 3322 alios
397 3259 521 3324 fontes:
543 3257 621 3323 haec
643 3257 774 3343 lympha
794 3259 909 3344 puellis

92 3341 176 3405 Avia
198 3342 312 3406 secreti
332 3342 444 3407 limitis
465 3364 530 3408 una
550 3341 643 3408 fluite
981 3355 1015 3404 60

50 3421 105 3490 Sic
126 3445 223 3490 auus:
245 3425 300 3490 ille
321 3427 439 3491 umeris
461 3430 569 3510 postes
592 3428 754 3493 concussit
775 3449 903 3514 opacos,
980 3439 984 3447 ¹

93 3507 164 3573 Nec
185 3511 262 3574 tulit
281 3511 396 3576 iratam
417 3511 512 3578 ianua
533 3511 640 3579 clausa
661 3512 757 3580 sitim.

101 3611 254 3654 minerve.
846 3613 865 3664 8
