2476 4018
212 145 259 212 32
507 147 701 205 succussu
720 148 829 204 nunu
849 147 887 208 n
1085 149 1184 221 [uun

321 312 395 380 Hoc
414 335 515 380 unum
536 312 649 378 didicit
668 311 789 377 femine
809 333 935 396 semper
957 333 1047 396 opus.

279 397 357 466 Non
378 399 425 463 sic
445 398 569 464 incerte
591 399 756 462 mutantur
775 397 905 461 flamine
927 396 1050 481 Syrtes,

320 481 392 548 Nec
411 481 491 548 folia
511 482 646 546 hiberno
666 485 735 546 tam
754 481 943 546 tremefacta
963 481 1069 565 Note,

228 579 264 632 ⁸5
279 566 384 645 Quam
405 567 469 632 cito
491 567 631 632 feminea
650 587 718 631 non
739 569 866 630 constat
886 565 999 630 foedus
1019 567 1056 628 in
1079 566 1144 650 ira,

323 651 397 718 Sive
419 673 457 717 ea
477 673 573 716 causa
592 651 715 736 gnavis,
738 651 805 715 sive
827 672 865 714 ea
886 672 982 714 causa
1001 650 1094 714 levis.

279 734 390 820 Nunc,
413 737 565 820 quoniam
577 737 641 800 ista
654 735 716 799 tibi
729 735 851 819 placuit
864 735 1032 818 sententia,
1056 734 1180 800 cedam:

322 820 414 905 Tela,
436 841 565 904 precor,
585 820 694 904 pueri,
714 819 853 903 promite
874 823 968 884 acuta
987 821 1110 904 magis,

310 906 317 920 '
345 905 386 969 'te
408 908 565 970 certantes
586 908 681 988 atque
702 903 787 969 hanc
807 903 889 968 mihi
910 904 1023 968 solvite
1045 905 1161 968 vitam:

229 1001 266 1055 40
345 990 459 1075 anguis
480 990 546 1054 erit
561 989 653 1054 vobis
674 989 813 1052 maxima
833 989 940 1072 palma
960 1010 1062 1053 meus.

563 1090 583 1129 2
810 1089 830 1128 2

687 1137 705 1175 ἱ

281 1189 392 1259 Sidera
413 1193 489 1256 sunt
510 1194 609 1255 testes
631 1193 665 1254 et
684 1191 843 1254 matutina
863 1191 978 1274 pruina

212 1299 214 1304 ’
321 1275 367 1340 Et
386 1275 498 1340 furtim
518 1275 635 1339 misero
657 1275 753 1339 ianua
774 1279 885 1359 aperta
905 1275 1001 1340 mihi:

280 1359 327 1426 Te
348 1359 432 1424 nihil
453 1360 489 1424 in
509 1360 576 1424 vita
596 1359 690 1424 nobis
712 1361 872 1444 acceptius
893 1381 1062 1444 umquumz

321 1443 417 1511 Nunc
438 1465 564 1529 quoque
580 1445 663 1528 eris,
687 1445 831 1528 quamvis
853 1445 897 1508 sis
919 1444 1050 1509 inimica
1072 1445 1159 1510 mihi.

228 1541 264 1592 45
278 1527 348 1596 Nec
370 1531 498 1594 domina
519 1529 586 1594 ulla
605 1551 677 1594 meo
698 1532 799 1613 ponet
820 1529 955 1614 vestigia
975 1530 1078 1596 lecto:

323 1613 417 1680 Solus
440 1636 509 1699 ero,
532 1615 682 1698 quoniam
703 1634 771 1678 non
792 1613 868 1677 licet
888 1635 958 1678 csse
978 1617 1082 1680 tuum.

279 1700 308 1764 A
345 1719 385 1764 ue
406 1699 545 1782 utinam,
569 1699 598 1762 si
619 1700 702 1762 forte
723 1699 795 1783 pios
817 1697 981 1762 eduximus
1003 1720 1124 1784 annos,

365 1805 382 1848 e
404 1784 453 1848 vir
473 1784 509 1848 in
529 1782 634 1848 medio
656 1783 714 1847 fiat
735 1803 842 1847 amore
864 1783 960 1866 lapis!

562 1883 580 1924 a
808 1883 828 1922 ι

685 1931 704 1972 a

278 1984 356 2052 Non
377 1987 417 2051 ob
438 2007 540 2073 regnu
560 1986 662 2072 magis
685 1985 761 2050 diris
784 1985 925 2051 cecidere
947 1985 1006 2050 sub
1027 1987 1126 2052 armis

225 2080 264 2134 ho
319 2069 465 2136 Thebani
485 2071 590 2137 media
610 2093 677 2136 non
699 2071 769 2135 sine
789 2073 890 2136 matre
912 2070 1017 2136 duces.

280 2151 395 2238 Quam,
418 2155 497 2221 mihi
519 2156 547 2221 si
568 2156 673 2221 media
694 2156 789 2220 liceat
809 2177 953 2240 pugnare
974 2155 1100 2240 puella,

321 2236 459 2304 Mortem
481 2262 542 2326 ego
563 2262 631 2306 non
651 2241 775 2326 fugiam
795 2244 898 2306 morte
920 2239 1026 2306 subire
1049 2246 1114 2307 tua.
