2492 4022
155 169 198 234 78
574 171 700 226 LAEVII

155 335 287 390 vissimae
309 333 377 388 odes
400 331 637 402 erotopaegnion’
660 349 685 388 a
702 349 730 400 q.
749 351 771 388 s.
810 333 930 388 Omnino
953 336 1143 393 conferenda

156 419 229 470 quae
247 401 369 455 diximus
387 401 414 456 d.
426 417 448 454 r.
462 417 499 454 m.
516 417 563 478 pg.
582 407 639 454 116.
679 401 733 478 Pto
751 402 924 470 ‘expavida’
942 403 1043 456 malim
1065 415 1141 460 ‘ex-

154 472 263 548 pertal’.
283 470 371 547 ‘Sunt
392 468 480 524 verba
501 485 556 521 mer
576 468 662 522 fallor
678 467 821 524 aneidis.
855 469 980 524 Metrom
1000 470 1142 527 ionicum

156 553 299 592 amaroru

561 609 714 619 ..μ-ιη-

206 719 232 770 7.
263 708 315 772 lex
336 706 461 771 Licinia
481 705 705 788 introducitur,

261 792 316 856 lux
338 790 458 874 liquida
478 789 579 854 haedo
601 789 754 855 redditur.

207 891 314 946 Gellius
326 892 366 956 II,
379 896 420 957 24,
431 895 448 946 8
466 889 563 944 ‘huius
574 889 646 958 legis
659 889 802 958 (Liciniae)
814 890 843 944 L.
854 891 942 960 poeta
952 892 1089 947 meminit
1099 895 1136 950 in

155 958 379 1028 erotopaegniis’
397 974 421 1012 e.
440 973 467 1024 q.
485 975 507 1010 s.
531 957 573 1011 De
591 956 728 1012 vocabulo
745 957 871 1026 liquidus
888 975 914 1012 v.
934 958 961 1012 d.
973 977 996 1013 r.
1007 978 1045 1016 m.
1066 969 1136 1017 314.

204 1075 229 1122 8.
259 1062 354 1124 nocte
375 1062 412 1124 nt
433 1061 562 1142 opertus
585 1059 704 1124 amictu
725 1060 882 1124 latibulet.

205 1160 313 1214 Nonius
329 1176 377 1228 pg.
398 1165 446 1214 133
470 1158 619 1214 ‘latibulet
640 1190 674 1200 -
696 1159 872 1228 prolatent:
894 1159 1002 1215 Nerius
1025 1163 1134 1228 (‘Lae-

156 1228 233 1282 vius’
252 1227 403 1296 Mercerus)
421 1226 654 1294 erotopaecnion’
681 1245 704 1286 e.
722 1244 750 1294 q.
768 1242 806 1282 s.·
825 1227 997 1282 ‘Latibulet’
1016 1229 1136 1300 Iunius,

157 1293 352 1349 ‘rationetur’
370 1312 397 1349 v.
431 1295 473 1348 De
490 1295 582 1348 metro
600 1293 670 1350 certi
686 1295 759 1348 nihil
776 1296 895 1350 constat.

205 1549 251 1604 Ad
269 1548 472 1618 erotopaegnia
488 1549 587 1616 utique
606 1549 692 1604 etiam
708 1549 869 1618 pertinuere
886 1547 966 1604 haec.

205 1663 231 1712 9.
262 1650 373 1716 scabra
394 1651 429 1715 in
449 1650 585 1736 legendo
607 1650 812 1715 reduviosave
835 1649 1010 1715 offendens.

204 1751 302 1830 Festus
322 1769 375 1874 fig.
394 1758 445 1808 270
467 1769 488 1806 s.
511 1769 537 1805 v.
564 1751 713 1828 rediviam=
740 1750 808 1828 Livi·
825 1767 849 1805 e.
871 1767 898 1818 q.
920 1767 942 1804 s.
970 1750 1133 1830 {Laevius’

154 1817 289 1956 ἓὲἒξῧζ.
349 1837 375 1875 rc
391 1822 498 1890 [scazon
516 1819 551 1875 de
569 1834 713 1886 prooemlo
732 1834 823 1887 opens
840 1819 935 1887 potest
951 1818 1045 1874 uderr
1062 1838 1133 1878 esse

207 2001 247 2051 10.
281 1989 461 2073 antipathes
483 1989 563 2054 illud
585 1987 754 2073 quaeritur.

280 2071 400 2156 philtra
422 2075 530 2138 omnia
550 2074 690 2157 undique
712 2073 854 2141 irruuntt

280 2157 446 2240 trochisci,
469 2160 524 2222 iun
549 2181 599 2241 ee,
621 2157 762 2241 taeniae,

280 2240 453 2322 radiculae,
476 2181 607 2325 herdae,
632 2243 765 2325 surculi,

149 2345 151 2358 ¹
249 2325 381 2409 Mauri,
403 2326 515 2390 inlices
537 2326 720 2410 bicodulae,

280 2408 472 2475 hinientium
494 2410 686 2476 dulcedines.

203 2509 359 2580 Appuleius
376 2510 406 2564 in
424 2511 499 2580 apol.
517 2528 564 2580 pg.
582 2517 633 2566 460
651 2511 694 2566 ed.
713 2510 796 2566 Oud:
819 2511 908 2582 igitur
928 2527 1015 2565 unum
1034 2512 1126 2566 etiam

153 2579 268 2698 poetam
285 2577 416 2632 latinum
434 2579 584 2656 attingam
606 2596 703 2634 versus
719 2578 794 2648 ipsos
812 2582 965 2648 agnoscent
983 2580 1034 2646 qui
1049 2579 1125 2634 Lae·

165 2645 222 2699 ium
240 2645 418 2714 (‘Laevium'
436 2646 556 2716 Lipsrus)
574 2646 678 2716 legere.
714 2645 881 2702 ‘trochiscili
898 2663 986 2715 unges
1004 2647 1052 2700 vel
1068 2665 1125 2700 un·

153 2721 239 2782 gues'
262 2713 343 2768 codd.
361 2715 448 2781 Flon,
472 2730 541 2770 corr.
560 2714 603 2769 So.
623 2713 729 2768 ‘sauri’
748 2715 912 2781 Salmasius,
935 2722 1050 2769 ‘saure’
1073 2714 1125 2770 vel

154 2790 266 2854 ‘saurp’
285 2783 360 2851 cdd,
380 2781 577 2838 ‘hinientium’
597 2798 661 2851 ego,
681 2781 899 2836 ‘hinnientium’
918 2781 981 2836 cdd.

206 2899 246 2946 11.
278 2886 367 2950 nulla
390 2885 535 2969 decipula
555 2887 621 2950 tam
643 2884 806 2948 insidiosa.

202 2983 305 3040 Fronto
332 3003 378 3064 pg.
407 2993 439 3042 13
465 2986 537 3040 Nab.
569 2985 740 3054 praestigiae
766 2985 861 3040 nullae
891 2985 952 3038 tarn
977 2982 1125 3051 versutae,

152 3049 244 3119 nulla,
263 3054 296 3106 ut
313 3055 354 3107 ent
371 3054 482 3122 Levius,
502 3072 526 3109 e.
546 3071 572 3122 q.
591 3071 611 3107 s.

207 3165 247 3215 12.
279 3153 339 3218 hac
362 3177 425 3238 qun
447 3157 495 3220 sol
517 3178 618 3242 vagus
640 3155 751 3242 igneas
773 3155 914 3219 habenas

279 3238 416 3302 inmittit
437 3240 567 3324 propius
589 3241 739 3326 iugatque
760 3243 874 3304 terrae.

202 3337 326 3390 Macrob.
344 3338 397 3391 sat.
415 3338 436 3403 Ι,
456 3344 497 3404 18,
516 3345 547 3392 16
566 3340 665 3394 ‘Liber
683 3357 701 3393 a
712 3338 845 3395 Romanis
864 3356 881 3392 a
901 3337 1025 3408 pellatur
1062 3339 1123 3392 uod

151 3402 276 3481 liberet
296 3420 386 3522 vaffius
409 3405 453 3457 est
477 3405 509 3457 ut
527 3407 568 3458 ait
584 3407 705 3461 Neuius’
724 3423 748 3462 e.
767 3423 794 3475 q.
811 3425 832 3461 s.
911 3407 973 3461 evio
993 3405 1029 3459 Sc
1061 3407 1125 3476 'ger

152 3471 253 3524 trrburt
268 3469 320 3524 hos
359 3469 601 3538 endecasyllabos.
