2470 4010
215 373 295 435 Tam
315 373 474 456 gratumst
494 370 575 435 mihi
596 392 693 454 quam
713 370 822 434 ferunt
841 369 972 454 puellae

214 456 340 520 Pernici
362 456 525 520 aureolum
545 455 645 520 fuisse
666 455 802 537 malum,

216 540 308 616 Quod
329 562 443 604 zonam
464 540 563 604 soluit
584 539 639 604 diu
659 540 802 624 ligatam.

581 785 689 858 ms

215 919 353 1004 augere,
374 940 394 983 ο
414 916 555 981 Veneres
578 915 828 999 Cupidinesque,

216 1003 260 1068 Et
282 1005 468 1086 quantumst
487 1000 654 1065 hominum
676 1001 905 1067 venustianum.

217 1087 331 1152 Passer
351 1091 494 1152 mortuus
516 1089 567 1149 est
587 1106 676 1149 meae
697 1086 838 1168 puellae,

217 1171 347 1255 Passer,
369 1171 500 1234 deliciae
521 1191 611 1233 meae
632 1169 773 1253 puellae,

218 1255 318 1331 Quem
339 1256 412 1339 plus
434 1256 490 1318 illa
511 1254 612 1317 oculis
634 1254 700 1316 suis
722 1253 865 1317 amabat:

217 1340 302 1404 Nam
324 1340 463 1403 mellitus
485 1343 553 1402 crat
574 1359 725 1420 suamque
747 1341 842 1400 norat

218 1423 293 1520 Ipsa
313 1429 380 1487 tum
402 1424 483 1486 bene
504 1444 599 1505 quam
620 1422 728 1505 puella
748 1425 886 1485 matrem

218 1507 288 1571 hec
310 1529 379 1570 sese
400 1529 419 1570 a
440 1507 561 1590 gremio
583 1506 670 1570 illius
691 1506 859 1588 movebat,

220 1591 282 1655 Sed
305 1591 532 1654 circumsiliens
553 1589 649 1654 modo
670 1589 733 1656 hue
754 1590 850 1655 modo
873 1589 951 1656 illue

217 1675 270 1738 Ad
292 1675 394 1738 sulum
415 1674 578 1738 dominam
598 1696 699 1758 usque
719 1675 875 1758 pipiabat.

220 1758 283 1835 Qui
303 1781 389 1824 nunc
410 1759 437 1822 it
457 1779 515 1842 per
536 1759 597 1822 iter
617 1759 853 1823 tenebricosum

219 1843 315 1927 Illuc,
337 1843 421 1908 unde
442 1847 564 1928 negant
584 1841 688 1908 redire
709 1865 909 1926 quemquam.

159 1921 164 1936 '
220 1930 266 1993 At
287 1929 377 1993 vobis
398 1929 481 1992 male
503 1927 560 2010 sit,
582 1927 686 1992 malae
708 1927 859 1992 tenebrae

221 2012 311 2092 Orci,
334 2033 415 2094 quae
436 2013 543 2076 omnia
563 2011 648 2074 bella
669 2010 842 2076 devoratis:

219 2095 299 2158 Tam
321 2095 439 2158 bellum
459 2095 539 2158 mihi
560 2117 721 2178 pmserem
742 2095 930 2163 abstulistis.

222 2178 249 2242 Ο
271 2179 390 2240 factum
411 2179 509 2244 male!
532 2179 564 2242 io
584 2180 708 2244 miselle
728 2183 852 2264 passer!

222 2261 290 2324 lua
311 2282 396 2324 nunc
418 2282 515 2344 opera
535 2285 624 2327 meae
644 2265 770 2347 puellae

221 2344 342 2409 Flendo
364 2346 516 2430 turgiduli
537 2347 654 2412 rubent
676 2349 779 2413 ocelli.

544 2502 696 2512 ...-

573 2595 645 2668 IHI

221 2724 375 2794 Phaselus
397 2727 466 2811 ille,
488 2749 583 2811 quem
603 2726 733 2810 videtu,
754 2727 914 2814 hospites,

221 2813 279 2876 Ait
299 2812 397 2878 fuisse
418 2812 547 2876 navium
569 2812 767 2892 celerrimus,

221 2897 334 2980 Neque
354 2896 451 2962 ullius
472 2897 614 2962 natantis
635 2896 790 2981 impetum
812 2897 913 2960 trabis

221 2979 378 3063 Nequisse
399 2985 526 3065 praeter
547 2982 608 3064 ire,
631 2982 697 3045 sive
719 2981 870 3066 palmulis

152 3073 169 3123 5
223 3062 311 3145 Opus
333 3066 417 3129 foret
437 3067 544 3130 volare
566 3067 631 3130 sive
652 3067 762 3131 linteo,

223 3145 267 3209 Et
287 3146 349 3210 hoc
370 3153 469 3232 negat
489 3151 622 3216 minacis
644 3150 801 3214 Adriatici

223 3228 351 3314 Negare
373 3229 449 3294 litus
470 3233 629 3298 insulasve
651 3235 806 3316 Cycladas

223 3313 372 3377 Rhodum
395 3337 434 3378 ue
455 3315 597 3380 nobilem
617 3317 840 3402 horridamque
862 3316 1035 3384 Thraciam

112 3449 115 3456 .
224 3336 420 3479 Propontida
441 3401 601 3462 trucemve
622 3399 792 3464 Ponticum
815 3403 935 3484 sinum,

140 3493 174 3542 10
222 3478 287 3542 Vbi
309 3479 369 3542 iste
391 3483 464 3562 post
485 3479 635 3562 phaselus
657 3487 750 3548 antea
771 3486 832 3548 fuit
