2470 4010
58 253 150 324 triu]
471 253 595 312 crasa„
963 247 1004 312 37

58 417 142 520 Quem
161 416 304 482 mulcent
325 437 434 497 aurae,
456 415 563 480 firmat
585 415 648 498 sol,
672 415 784 482 educat
804 415 906 482 imber

56 585 136 649 llulti
155 586 246 649 illum
266 585 372 667 pueri,
394 585 514 649 multae
535 585 684 668 optavere
706 585 846 668 puellae:

56 669 131 733 Idem
151 692 222 734 cum
243 670 333 733 tenui
355 671 482 752 carptus
505 669 653 734 defloruit
673 670 790 752 ungui,

56 754 132 818 Nulli
151 754 243 818 illum
263 754 368 836 pueri,
390 753 497 818 nullae
520 757 669 836 optavere
690 755 828 837 puellae:

57 838 99 902 Sic
112 839 214 924 virgo,
237 837 312 902 dum
326 837 447 902 intacta
460 842 584 921 manet,
607 838 683 902 dum
697 859 771 902 cara
785 839 849 902 suis
865 841 928 923 est,
970 849 1003 902 45

58 921 124 986 Cum
145 926 266 987 castum
288 923 395 986 amisit
413 923 539 1006 polluto
563 944 696 1006 corpore
717 922 844 1004 florem,

55 1006 114 1072 llec
132 1007 236 1091 pueris
257 1005 396 1070 iocunde
417 1011 540 1090 menet,
561 1029 622 1071 nec
643 1028 716 1072 cera
737 1007 861 1091 puellis.

90 1116 210 1201 Hymen
225 1137 244 1180 o
259 1115 459 1201 Hymenaee,
475 1116 603 1200 Hymen
618 1117 694 1180 ades
709 1138 728 1180 ο
743 1115 942 1202 Hymenaee!

55 1260 93 1323 Vt
112 1261 202 1326 vidua
222 1261 258 1324 in
278 1259 365 1324 nudo
388 1260 462 1324 vitis
485 1281 564 1343 quae
585 1261 729 1326 nascitur
749 1283 825 1326 arvo

55 1345 222 1431 Numquam
234 1367 268 1408 se
280 1345 413 1429 extollit,
425 1366 598 1429 numquam
612 1346 723 1410 mitem
734 1347 846 1410 educet
856 1369 958 1429 uvam,
971 1357 1004 1407 50

57 1428 108 1493 Sed
127 1435 270 1494 tenerum
290 1451 393 1528 prono
415 1429 585 1494 deflectens
607 1431 747 1513 pondere
770 1453 884 1513 corpus

56 1513 113 1577 lam
133 1516 195 1578 iam
218 1515 378 1598 contingit
399 1536 558 1578 summum
578 1515 683 1578 radice
704 1515 879 1599 flagellum;

56 1598 136 1663 Hanc
155 1600 237 1664 nulli
259 1598 428 1683 agricolae,
451 1599 533 1663 nulli
555 1600 680 1663 coluere
701 1599 846 1664 bubulci:

55 1685 93 1745 dt
111 1685 138 1748 si
155 1685 239 1748 forte
262 1683 404 1747 eademst
424 1684 511 1747 ulmo
535 1684 705 1748 coniuncta
724 1684 855 1764 marite,

56 1767 138 1832 llulti
158 1769 247 1833 illam
268 1768 441 1852 agricolae,
464 1768 557 1830 multi
579 1769 704 1831 coluere
726 1767 869 1831 bubulci:
971 1779 1004 1829 55

56 1851 99 1915 Sic
112 1853 199 1938 virgo
215 1853 291 1916 dum
305 1853 426 1916 intacta
439 1855 556 1932 manet,
572 1851 647 1914 dum
661 1851 783 1914 inculta
798 1851 948 1935 senescit3

57 1936 125 2001 Cum
144 1960 202 2022 par
224 1937 396 2002 conubium
417 1939 541 1999 maturo
563 1939 706 2018 tempere
729 1935 889 2018 adeptast,

57 2018 126 2085 Cara
145 2023 212 2086 viro
234 2022 338 2106 magis
361 2025 395 2086 et
414 2021 520 2085 minus
543 2023 592 2084 est
613 2021 716 2084 invisa
736 2020 871 2104 parenti.

90 2129 211 2214 Hymen
225 2153 243 2196 c
258 2131 448 2214 Hymenaee,
464 2131 591 2214 Hymen
607 2131 681 2196 ades
695 2151 712 2194 ο
727 2129 928 2212 Hymenaee!
950 2131 1004 2192 aab

56 2274 93 2336 At
112 2279 145 2338 tu
163 2298 205 2340 ne
226 2297 337 2361 pugne
359 2297 430 2340 cum
452 2275 510 2338 tali
532 2275 667 2359 coniuge
689 2275 790 2358 virge.

55 2357 121 2422 Non
140 2364 305 2444 aequomst
325 2382 483 2444 pugnare,
506 2362 597 2444 pater
619 2359 670 2423 cui
691 2358 823 2422 tradidit
844 2359 929 2443 ipse,
973 2371 1006 2419 ec

56 2440 118 2524 lpse
137 2448 228 2528 pater
250 2467 322 2509 eum
343 2447 461 2527 matre,
485 2444 598 2528 quibus
619 2464 731 2526 parere
751 2447 921 2508 necessest.

58 2524 219 2611 Virginitas
240 2551 308 2592 non
328 2533 397 2593 tcta
418 2532 521 2610 tuest,
544 2549 583 2592 ex
604 2531 695 2611 parte
716 2531 930 2611 parentumst,

55 2608 151 2677 Tertia
170 2636 244 2698 pars
266 2615 394 2697 patrist,
417 2635 490 2696 pars
513 2617 562 2676 est
583 2611 656 2676 data
676 2612 772 2676 tertia
791 2612 901 2694 matri,

55 2692 151 2761 Tertia
172 2699 241 2762 sola
261 2702 364 2762 tuest:
386 2698 455 2762 noli
475 2719 619 2781 pugnare
642 2697 763 2760 duobus
770 2746 778 2779 ,

54 2775 107 2852 Qui
127 2805 244 2866 genero
269 2805 325 2847 sua
346 2783 416 2847 iura
439 2782 534 2847 simul
556 2803 629 2846 cum
650 2781 723 2845 dote
746 2780 908 2845 dederunt.
973 2791 1006 2840 65

88 2888 213 2974 Hymen
227 2914 247 2956 0
261 2891 462 2975 Hymenaee,
477 2891 606 2976 Hymen
621 2890 695 2954 ades
711 2911 729 2953 ο
744 2889 942 2973 Hymenaee!

451 3054 604 3064 ——----

460 3155 590 3230 LXIH.

51 3284 144 3371 Super
166 3292 232 3355 alta
252 3294 362 3356 vectus
382 3291 471 3355 Attis
494 3289 589 3354 celeri
609 3291 677 3353 rate
698 3289 798 3354 maria

49 3367 220 3460 Phrygium
241 3379 278 3440 ut
297 3397 410 3440 nemus
433 3377 530 3440 citato
554 3374 666 3458 cupide
687 3375 767 3458 pede
789 3373 897 3457 tetigit

49 3453 195 3544 dddtque
219 3481 335 3544 opaea,
359 3461 446 3524 silvie
469 3460 615 3523 redimita
637 3459 708 3522 loca
729 3457 820 3539 deae,

49 3539 232 3610 arimundus
252 3545 301 3610 ibi
322 3544 441 3608 furenti
463 3544 566 3626 rabie,
588 3564 689 3626 vagus
712 3541 842 3622 animis,
