2486 4010
69 218 145 292 um]
440 219 549 276 umus
569 221 632 278 uu.
980 219 1021 284 73

195 431 204 466 ,
220 383 305 466 quod
318 405 360 447 ne
382 405 474 468 usas,
490 384 588 468 capiti
602 383 791 450 conmittere
805 384 931 470 pondus
1003 396 1020 446 5

69 379 306 551 TuCteiiressum
326 405 445 532 iudexo
466 489 541 533 mox
564 468 638 532 dare
659 471 752 553 terga
774 490 869 554 genu.

69 549 173 616 Omnia
190 573 259 616 non
279 553 399 636 pariter
421 573 528 616 rerum
550 556 626 617 sunt
647 553 795 617 omnibus
817 557 908 637 apta,

102 635 194 700 Fama
214 659 275 701 nec
297 659 337 700 ex
358 657 459 721 aequo
482 637 607 702 ducitur
627 638 695 701 ulla
715 638 802 722 iugo.

69 717 168 784 Gloria
186 721 362 868 Lysippost
383 722 526 786 animosa
548 722 702 807 effingere
723 721 833 806 signa,

100 803 224 870 Exactis
248 805 294 871 Ca
307 807 388 869 amis
409 826 444 870 se
464 806 545 870 mihi
565 806 664 870 iactat
685 807 792 891 equis,
988 819 1021 870 10

67 886 100 950 ln
117 887 248 954 Veneris
270 890 381 954 tabula
402 911 560 955 summam
581 891 644 955 sibi
664 893 758 974 ponit
778 889 926 974 Apelles,

102 972 284 1039 Parrhasius
304 995 402 1058 parva
421 975 565 1040 vindicat
586 978 654 1040 arte
675 976 798 1058 locum,

69 1055 257 1142 Argumenta
276 1059 381 1144 magis
403 1063 480 1124 sunt
499 1059 656 1123 Mentoris
679 1060 786 1123 addita
807 1059 945 1143 formae,

103 1145 144 1206 At
163 1143 256 1226 Myos
279 1143 428 1228 exiguum
448 1143 550 1208 flectit
570 1143 724 1208 acanthus
746 1145 825 1227 iter,

68 1223 223 1291 Phidiacus
246 1228 341 1313 signo
363 1249 398 1292 se
416 1227 562 1312 Iuppiter
583 1231 678 1292 ornat
698 1229 833 1313 ebmn0,
988 1237 1021 1290 15

101 1310 281 1377 Praxitelen
301 1312 431 1396 propria
451 1312 594 1377 vindicat
613 1314 693 1378 urbe
714 1314 806 1397 lapis.

68 1392 251 1480 nequibas
273 1394 372 1461 Ele'ae
394 1399 556 1462 concurrit
575 1399 684 1482 palma
705 1398 893 1482 quadrigae,

101 1479 158 1544 Est
178 1482 295 1564 quibus
315 1482 352 1544 in
373 1481 490 1546 celeres
511 1483 616 1567 gloria
635 1485 714 1544 nata
734 1481 845 1564 pedes3

67 1560 120 1627 Hic
140 1569 228 1630 satus
250 1564 290 1630 ad
310 1587 438 1649 pacem,
459 1564 513 1630 hic
534 1564 748 1630 castrensibus
768 1565 857 1628 utilis
879 1564 991 1628 armis:

102 1647 239 1714 Naturae
261 1650 404 1733 sequitur
426 1650 548 1714 semina
569 1649 702 1733 quisque
724 1668 810 1711 suae.
988 1659 1021 1708 20

68 1732 106 1794 At
124 1735 192 1817 tua,
215 1733 400 1817 Maecenas,
422 1735 507 1799 vitae
527 1737 697 1818 praecepta
717 1731 840 1816 recepi,

103 1815 207 1903 Cogor
228 1821 262 1883 et
282 1819 436 1902 exemplis
456 1821 490 1882 te
512 1839 661 1902 superare
681 1818 755 1880 tuis.

69 1897 140 1965 Cum
160 1903 223 1967 tibi
242 1902 389 1967 Romano
412 1901 557 1968 dominas
578 1901 756 1967 inhonore
778 1920 903 1964 secures

14 2055 15 2066 χ
103 1986 145 2050 Mt
165 1987 262 2052 liceat
282 1986 388 2051 medio
409 2007 529 2070 ponere
549 1987 620 2051 iura
641 1987 726 2068 foro,

67 2066 119 2133 Vel
139 2071 200 2135 tibi
220 2071 388 2135 Medorum
409 2092 572 2156 pugnaces
593 2072 640 2135 ire
661 2092 719 2154 per
739 2069 847 2133 hastas
989 2078 1023 2131 25

102 2156 206 2238 Atque
228 2176 359 2220 onerare
380 2157 470 2220 tuam
491 2157 555 2218 fixa
574 2176 632 2239 per
653 2175 742 2218 arma
764 2154 909 2236 domum,

68 2236 103 2300 llt
121 2240 181 2303 tibi
202 2241 243 2303 ad
264 2238 412 2304 effectum
434 2240 517 2304 vires
539 2240 594 2302 det
615 2237 733 2304 Caesar
755 2243 787 2303 et
807 2239 896 2302 omni

102 2323 257 2408 Tempore
277 2327 346 2388 tam
365 2324 478 2388 faciles
499 2324 705 2388 insinuentur
726 2344 818 2407 opes,

68 2404 166 2472 Parcis
188 2408 277 2472 etin
297 2413 409 2474 tenues
431 2408 585 2474 humilem
606 2412 638 2474 te
660 2409 786 2494 colligis
808 2407 952 2472 umbras:

102 2491 253 2557 Veiorum
273 2493 386 2576 plenos
408 2493 568 2558 subtrahis
589 2494 658 2577 ipse
681 2494 780 2558 sinus.
989 2501 1024 2552 sc

69 2573 158 2640 Crede
180 2575 276 2661 mihi,
297 2598 433 2674 magnos
455 2579 637 2660 aequabunt
657 2579 721 2640 ista
743 2575 896 2640 Camillos

103 2660 223 2726 Iudicia
244 2665 277 2726 et
297 2683 406 2726 remes
427 2665 463 2727 tu
485 2681 610 2757 quoque
631 2661 667 2723 in
689 2681 746 2723 ora
767 2659 886 2739 vnum,

68 2742 202 2810 Caesaris
225 2747 258 2809 et
277 2745 382 2810 famae
402 2745 542 2829 vestigia
562 2746 671 2808 runcta
692 2742 830 2806 tenebis:

103 2829 294 2894 Maecenatis
317 2832 412 2895 erunt
431 2850 507 2894 vera
526 2831 660 2912 tropaea
679 2827 768 2892 fides.

68 2910 135 2978 Non
156 2935 217 2998 ego
240 2914 371 2979 velifera
390 2912 548 2978 tumidum
568 2933 656 2977 mare
676 2912 764 2976 findo
786 2909 909 2974 carina:
989 2917 1024 2972 85

14 3003 16 3082 l
104 2998 185 3062 uua
207 2998 266 3063 sub
290 2999 406 3083 exiguo
428 2998 559 3062 flumine
580 2999 692 3062 nostra
712 2996 842 3060 morast.

14 3083 16 3140 l
68 3077 135 3147 Non
154 3083 238 3146 flebo
260 3083 295 3146 in
317 3084 439 3147 cineres
462 3103 567 3146 arcem
590 3081 710 3145 sedisse
731 3082 883 3164 paternos

105 3165 213 3231 Cadmi
234 3187 296 3231 nec
317 3170 439 3251 septem
460 3166 583 3251 proelia
604 3164 694 3229 clade
714 3163 799 3248 pari,

69 3248 132 3314 Nec
152 3251 288 3314 referam
310 3251 426 3316 Scaeas
449 3255 481 3316 et
501 3250 659 3335 Pergama
678 3247 842 3332 Apollinis
864 3268 968 3332 areca,

105 3333 146 3398 Et
164 3333 313 3400 Danaum
336 3336 459 3400 decimo
481 3357 555 3400 vere
575 3333 696 3398 redisse
716 3336 816 3417 rates,
990 3341 1024 3393 40

69 3414 186 3483 Moenia
207 3441 280 3484 cum
303 3419 400 3484 Graio
422 3419 587 3503 Neptunia
607 3419 725 3503 pressit
746 3421 850 3483 aratro

124 3501 234 3568 Victor
254 3503 417 3570 Palladiae
438 3504 565 3588 ligneus
587 3503 665 3568 artis
687 3525 795 3587 equus.
