2444 4056
173 398 249 458 ante
271 398 309 458 ut
335 397 506 479 appareret
534 395 626 460 nobis
650 395 761 478 affinia
783 396 911 479 quidem
933 398 964 464 ci
992 399 1153 463 bonitate
1199 430 1207 459 2

174 516 241 582 ease
269 496 440 561 editionem
461 495 656 580 Regienscm
678 517 716 562 ac
737 497 854 562 librum
875 497 1000 582 Paccii,
1028 502 1149 564 tamen

172 598 209 660 ut
231 597 309 662 satis
331 597 428 682 longo
444 618 485 662 ea
505 600 635 680 superet
654 597 723 680 ipse
745 597 926 664 intervallo.

237 695 385 763 Cetermn
406 699 442 762 in
470 700 564 764 tanta
585 697 844 762 membranarum
865 701 1009 763 veterum
1030 700 1147 782 pauci·

172 801 239 864 tate
261 799 362 864 multo
383 799 477 882 plura
498 797 640 862 subsidia
655 802 748 864 erant
768 799 942 881 repetenda
956 799 998 863 ab
1013 798 1147 864 ratione

174 901 207 962 et
228 899 360 982 iudicio,
389 919 471 981 quae
493 898 620 981 quidem
641 898 692 962 vel
715 899 873 964 oernenda
895 899 1060 965 codicibus
1084 901 1145 964 eis·

173 1021 235 1083 que
264 998 494 1082 antiquissimis
522 997 684 1082 praeferre
712 1020 886 1082 numquam
914 999 1144 1064 dubitavimus.

173 1137 214 1146 -
237 1099 299 1164 Sed
322 1099 407 1163 enim
430 1099 533 1163 critici
555 1098 696 1162 muneris
724 1101 833 1182 partes
854 1101 1010 1183 quomodo
1037 1102 1144 1165 tutati

173 1201 287 1282 simus,
319 1221 386 1264 non
414 1200 477 1264 erit
507 1203 653 1264 nostrum
681 1199 855 1264 diiudicare
883 1201 939 1264 sed
971 1201 1142 1266 lectorum.

173 1299 257 1363 Illud
287 1302 492 1364 tamencum
519 1299 832 1364 fiducia-adserimus
854 1300 945 1364 nulla
970 1321 1029 1365 nos
1057 1323 1144 1385 quae

173 1400 334 1484 plerisque
363 1400 456 1464 offuit
483 1400 597 1464 horum
627 1400 804 1466 carminum
825 1401 1000 1466 editoribus
1028 1423 1144 1485 super·

174 1501 304 1566 stitione
333 1504 442 1584 captos
474 1522 578 1584 neque
608 1501 657 1564 ira
686 1503 742 1564 aut
768 1501 873 1566 studio
900 1505 1071 1585 occupatos
1106 1504 1143 1566 in

176 1601 402 1667 constituenda
423 1602 560 1666 lectione
582 1600 783 1666 Lachmanni
804 1623 915 1668 sensus
929 1602 1033 1686 magis
1048 1605 1142 1687 sequi

175 1725 272 1787 quam
286 1703 392 1768 verba.
437 1701 584 1786 Denique
606 1722 770 1766 monemus
793 1702 885 1766 oditis
912 1703 979 1766 iam
997 1701 1142 1767 Phaedri

173 1803 365 1889 Horatiique
381 1807 413 1868 et
436 1803 626 1868 ereticorum
648 1801 738 1866 libris
756 1805 845 1884 (nam
866 1803 981 1870 Lucilii
995 1803 1139 1886 111111110-

36 1927 39 1936 *
173 1909 258 1970 ximo
289 1928 374 1971 anno
402 1905 543 1989 prodibit
571 1903 714 1968 diversae
741 1903 849 1986 paullo
877 1906 952 1968 sunt
978 1903 1139 1989 rationes)

174 2008 266 2088 quasi
295 2005 458 2086 specimen
485 2003 596 2066 haberi
618 2004 722 2086 operis
745 2004 827 2087 eius,
856 2025 919 2087 quo
940 2024 1048 2086 omues
1070 2003 1137 2068 Ro·

174 2125 341 2169 manorum
363 2106 473 2186 poetas
495 2105 621 2185 practer
643 2103 806 2169 scaenicos
830 2104 1079 2188 complectimur.
