2444 4056
241 515 508 592 PRAEFATIO
533 516 850 593 PRIAPEORVM.

125 684 240 746 Catulli
260 689 472 762 cantorumque
492 687 691 762 Euphorionis
710 687 783 746 libri
808 691 842 746 ut
863 689 1026 764 plurimum

42 849 44 854 Ι
63 769 224 829 valuerunt
244 769 282 827 ad
301 770 472 830 formandos
486 775 590 846 poetas
605 790 664 844 eos,
687 772 739 846 qui
753 771 875 830 brenmt
888 773 1026 848 Augusto

65 853 246 928 imperante,
267 853 309 912 ite
322 855 403 929 quod
422 871 509 930 saepe
526 855 564 913 ab
578 855 674 914 isdem
688 873 756 912 eum
774 853 886 914 honoro
901 873 1026 916 eommo-

66 939 228 1010 morantur‚
243 955 305 996 non
320 939 378 997 erit
396 939 515 998 mirum.
546 939 672 1010 Quidem
692 939 783 998 etiam
799 939 919 1014 longius
933 957 1027 1014 aequo

66 1021 216 1096 progressi
230 1038 334 1079 eorum
349 1021 553 1082 admiratione.
575 1022 661 1082 Vnde
676 1022 818 1081 Horatius
832 1022 983 1082 invehitur
997 1023 1029 1082 iu

67 1103 185 1162 simium
204 1105 307 1176 illum,
334 1107 385 1180 qui
403 1106 478 1165 nihil
492 1109 611 1181 praeter
630 1105 741 1165 Catulli
767 1105 910 1182 Calvique
934 1106 1027 1166 libros

65 1190 184 1245 eantare
199 1188 239 1246 sit
253 1187 366 1248 doetus.
392 1189 435 1248 At
447 1190 535 1248 aliter
549 1189 714 1265 Vergilius:

148 1271 229 1329 Nam
243 1289 339 1346 neque
354 1271 448 1331 adhue
462 1273 553 1332 Vario
567 1273 672 1333 videor
685 1290 739 1332 neo
754 1272 850 1332 dieere
867 1271 961 1332 Cinna

146 1353 258 1430 Digna,
274 1355 462 1432 redargutos
476 1357 557 1416 inter
572 1360 703 1432 strepere
718 1375 805 1415 anser
820 1357 933 1430 olores3

65 1441 96 1495 et
109 1437 299 1514 Lygdamus:
672 1467 676 1487 ·

109 1569 112 1576 .
151 1523 201 1580 Sio
215 1522 323 1580 oeoinit
336 1541 390 1598 pro
404 1527 434 1583 te
449 1523 562 1596 doetus,
578 1524 681 1595 Minoi,
698 1523 844 1596 Caluum,

149 1605 268 1681 Ingrati
282 1606 414 1666 reterens
428 1608 521 1682 impia
533 1607 612 1666 faote
625 1608 698 1681 viri;

67 1691 97 1746 et
110 1707 201 1763 porro
217 1687 341 1749 Ovidius
354 1691 386 1748 in
400 1691 532 1765 epieedio
548 1691 675 1749 Tibulli:

151 1771 265 1832 Obvius
279 1773 349 1832 huie
361 1775 463 1834 reniae
476 1774 586 1832 hedera
599 1774 748 1833 iuvenalia
763 1774 877 1832 cinctus

152 1855 310 1931 Tempora,
326 1875 392 1918 oum
408 1857 509 1928 Calvo,
526 1857 611 1916 doete
627 1856 752 1928 Catulle,
768 1859 831 1914 tuo.

70 1937 151 1996 Idem
172 1943 204 1997 et
224 1940 310 2012 alibi,
331 1941 436 2015 quanti
456 1940 562 1999 feeerit
582 1938 735 1998 Catullum
755 1955 823 1996 oum
844 1938 1031 2000 consortibus

22 2015 24 2036 '
69 2023 168 2095 studii,
184 2023 348 2082 identidem
363 2025 502 2096 deelaret,
523 2042 577 2082 neo
590 2040 662 2082 vero
677 2022 775 2080 minus
791 2021 973 2097 Propertius.
984 2045 987 2047 ’
1000 2055 1005 2058 -
1017 2063 1034 2073 .-

132 2106 194 2164 Sed
212 2110 422 2182 praeterquam
441 2107 521 2182 quod
541 2106 642 2166 laudes
656 2106 856 2181 Euphorionis
877 2110 1032 2166 santonum

22 2225 24 2310 j
70 2191 236 2286 occasione·
253 2191 322 2287 data
347 2191 501 2287 inseruere
530 2190 709 2251 carminibus
734 2190 862 2285 proximi
884 2193 1031 2288 temporis

22 2357 24 2428 ε
71 2275 1033 2433 {tt’tlmlttlssltttttttttlltltddi}

22 2429 24 2514 ξ
72 2441 299 2500 aemulationem
313 2443 433 2500 illorum
447 2442 581 2501 invenies
597 2441 760 2516 eompositu
775 2441 887 2516 epyllia
901 2440 1033 2500 Culicem

22 2517 25 2584 l
72 2527 102 2581 et
114 2524 217 2598 (lirim,
231 2528 297 2582 tum
310 2523 421 2600 Oopam
435 2529 467 2584 et
480 2526 629 2584 Moratum
643 2529 674 2584 et
685 2523 775 2593 {reo
788 2525 902 2600 idyllia,
919 2528 1033 2600 postre-

22 2585 24 2694 Ῐ
73 2627 120 2665 mo
139 2609 261 2667 libellos
279 2609 475 2685 Priapeorum
493 2612 525 2667 et
545 2608 718 2668 Cataleeton
737 2612 768 2667 et
787 2609 1032 2684 epigrammaton,

22 2737 23 2742 1
73 2710 147 2765 quae
168 2695 274 2750 cuneta
293 2712 310 2750 a
329 2693 447 2752 Donato
466 2693 641 2752 tribuuntur
659 2691 803 2768 Vergilio.
849 2692 1034 2768 Quamquam

73 2777 287 2852 epigrammata
299 2775 439 2834 videntur
452 2777 543 2836 fuisse
558 2778 595 2835 ab
609 2776 696 2835 initio
710 2775 894 2850 paucissima,
907 2793 961 2834 neo
972 2776 1034 2833 fere

22 2897 23 2932 r
73 2861 132 2918 nisi
144 2861 207 2933 illa,
228 2879 302 2934 quae
317 2861 349 2918 in
363 2861 433 2920 vitis
448 2859 576 2936 Vergilii
591 2860 720 2935 antiquis
740 2860 768 2918 ei
787 2862 868 2917 reete
883 2877 935 2916 seu
950 2876 1033 2917 seoue

22 2935 24 3018 ζ
74 2943 256 3017 tribuuntur,
269 2948 304 3004 ut
314 2947 387 3019 pute
396 2949 491 3003 amate
500 2945 555 3002 aab
568 2947 620 3003 boe
633 2944 773 3016 lapidum,
784 2946 864 3002 noete
873 2942 952 3014 aaa
965 2947 1035 3012 tota,

74 3027 124 3086 eos
138 3045 187 3102 epo
200 3029 363 3098 vestrates,
378 3029 510 3087 Mamor
523 3044 568 3086 me
580 3028 690 3102 parauit.

22 3127 23 3132 ¹
139 3111 279 3170 Ceterum
293 3111 374 3187 quod
389 3111 576 3186 appellantem
589 3111 622 3168 in
635 3109 680 3168 his
696 3109 874 3184 earminibue
886 3109 1034 3184 Messalla,

22 3263 23 3266 Ἴ
77 3193 225 3268 Octavius,
248 3195 374 3268 Plotius,
396 3194 514 3267 Varius,
536 3211 677 3270 agnosoes
698 3193 865 3254 studiorum
884 3198 1034 3255 consortes

22 3267 23 3286 ¹
76 3297 135 3352 eos,
150 3297 225 3354 quos
239 3278 329 3338 habes
343 3280 376 3338 in
389 3278 508 3338 Horatii
525 3282 579 3336 sat.
595 3277 623 3351 I,
639 3280 687 3349 10,
708 3282 830 3354 excepto
845 3280 925 3354 quod
938 3280 990 3354 qui
1004 3279 1037 3336 in

22 3389 24 3398 o
77 3361 140 3422 Ciri
153 3361 321 3438 appellatur
344 3359 383 3441 [v.
399 3365 449 3422 36.
466 3358 517 3441 54]
539 3363 681 3421 iuvenum
695 3363 882 3423 doctissimus
897 3363 1037 3421 Messalla

22 3467 23 3516 3
76 3445 171 3504 filium
184 3447 284 3522 potius
300 3447 425 3506 oratoris
440 3446 634 3520 celeberrimi,
647 3447 839 3506 Messalinum
853 3447 943 3520 volgo
958 3445 1035 3504 voci-

77 3531 181 3602 tatum,
194 3530 231 3588 de
242 3549 301 3604 quo
313 3534 395 3590 extat
404 3549 522 3590 carmen
530 3531 656 3604 ilibulli,
668 3531 753 3606 tangi
764 3530 914 3588 adsentior
922 3527 1036 3585 Teuffe-

22 3673 24 3766 l
126 3659 256 3701 u
817 3639 837 3690 ἃ
