2486 4010
197 227 240 292 ‘18
567 183 768 284 rnoraarn'
1093 225 1179 300 [n.

249 389 312 459 Sed
334 407 463 457 securus
484 411 553 459 eas:
576 389 702 456 Gallam
722 409 790 454 non
810 406 944 454 munera
964 387 1112 475 vineant,

197 491 233 542 20
280 476 498 562 ‘Duritiaeque
518 478 593 542 tuas
613 495 681 540 non
702 475 763 538 erit
783 473 840 538 illa
860 493 994 538 memor.

245 559 331 628 Nam
376 581 555 643 uoeumque
577 559 628 623 die
650 558 774 623 salvum
793 561 827 623 ta
847 557 917 622 fata
936 556 1119 642 remittant,

292 583 451 711 Poulebit
472 644 556 709 collo
579 643 672 741 Galla
693 643 810 728 pudica
829 645 896 740 tuo.
997 726 1004 740 υ

247 729 419 795 Postumus
441 728 523 792 alter
544 731 606 792 erit
625 727 772 792 mirande
791 743 929 811 coniuge
949 725 1074 792 Vlixes.

290 813 367 879 Non
389 813 438 877 illi
459 813 576 898 longae
596 815 649 877 tot
666 831 803 877 nocuere
824 831 947 893 morae,

198 910 232 963 25
248 896 362 965 Castra
375 897 484 964 deeem
498 915 665 981 ennormn,
681 895 1013 979 etCieonummanus,
1029 893 1172 962 bruera

290 1067 494 1152 Exustaeque
515 1039 591 1132 brae
611 1061 701 1149 mox,
723 1065 783 1134 Pol
793 983 934 1148 callonia,
956 1085 1077 1150 genae,

251 1149 297 1218 Et
319 1151 431 1216 Circae
452 1151 594 1234 fraudes,
616 1151 762 1236 lotosque
807 1150 962 1233 orbaeque
982 1151 1134 1232 tenaces,

291 1235 459 1319 Scyllaque
481 1237 515 1298 et
535 1235 674 1299 alternas
696 1234 797 1299 saissa
817 1231 995 1317 Charybdis
1017 1254 1138 1318 aquas,

247 1318 429 1403 Lampeties
450 1317 571 1382 Ithaeis
593 1319 721 1384 veribus
741 1318 883 1403 mugisse
904 1318 1056 1383 iuvencos

198 1417 234 1467 ⁸⁰
248 1401 765 1555 Efflfflp,
782 1401 1054 1574 asella
1160 1469 1170 1480 ⁸

1061 1535 1071 1570 ἲ

249 1570 822 1754 Npapsqpppgpfflaeffi
835 1575 973 1721 lbet
987 1571 1162 1743 illlam,

293 1679 439 1808 §praepm
461 1740 555 1806 surdo
578 1761 699 1826 remige
721 1740 824 1807 adisse
845 1741 947 1824 lacus,

200 1838 234 1888 35
249 1826 295 1893 Et
316 1829 437 1891 veteres
459 1847 550 1890 areus
571 1826 637 1890 leto
658 1846 828 1891 renovasse
848 1847 1033 1911 procorum,

291 1910 480 1993 Errorisque
502 1910 551 1974 sui
573 1909 619 1974 sie
639 1909 787 1975 statuisse
807 1909 946 1975 modum.

249 1994 320 2062 Neo
340 1995 473 2078 frustra,
496 1994 570 2078 quia
591 1997 679 2058 easta
700 1993 787 2058 domi
808 1993 990 2078 persederat
1010 2015 1104 2061 uxor.

291 2077 402 2144 Vincit
422 2079 599 2164 Penelopes
619 2078 715 2144 Aelia
737 2077 829 2143 Galla
848 2077 954 2144 fidem.

556 2285 781 2394 aurun

251 2413 424 2497 Quaeritis,
446 2414 531 2478 unde
552 2414 653 2479 avidis
674 2437 740 2480 nox
761 2417 804 2482 sit
822 2417 964 2502 pretiosa
982 2415 1121 2502 puellis,
1241 2449 1242 2502 p

292 2499 337 2564 Et
357 2497 482 2564 Venere
504 2497 674 2563 exhaustae
696 2500 812 2566 damna
833 2503 1004 2585 querantur
1025 2520 1116 2586 opes.

252 2583 347 2651 Certa
368 2582 496 2668 quidem
514 2583 615 2648 tantis
637 2605 732 2650 eausa
752 2589 786 2650 et
805 2585 975 2650 manifesta
993 2585 1118 2651 ruinis:

293 2668 451 2735 Luxuriae
472 2669 607 2736 nimium
627 2670 729 2735 libera
749 2671 834 2736 taeta
853 2671 946 2736 viast

224 2751 338 2819 blnda
360 2754 445 2818 cavis
468 2775 579 2818 aurum
599 2755 699 2818 mittit
720 2755 855 2820 formica
874 2755 1028 2838 metallis,
1057 2793 1059 2798 ·

257 2905 263 2914 ,
293 2838 337 2903 Et
358 2838 446 2903 venit
466 2859 484 2902 e
505 2839 601 2902 rubro
624 2839 747 2903 coneha
766 2839 907 2922 Erycina
928 2841 1011 2923 salo,

250 2922 295 2988 Et
315 2923 416 3008 Tyros
439 2922 577 2988 ostrinos
599 2923 731 3006 praebet
752 2923 891 2990 Cadmea
912 2925 1049 3007 colores,

295 3007 475 3074 Cinnamon
497 3008 643 3072 etmulti
662 3011 773 3092 pastor
795 3009 901 3073 odoris
922 3009 1036 3072 Arabs.

250 3090 340 3158 Haeo
362 3093 458 3158 etiam
478 3091 636 3176 nymphas
658 3113 740 3178 expu
788 3096 843 3156 ant
864 3115 953 3157 arma
973 3092 1127 3180 pudicas,

134 3256 136 3262 s
203 3188 236 3239 ιο
294 3176 442 3261 Quaeque
463 3179 580 3262 gerunt
601 3177 719 3262 fastus,
760 3179 885 3260 carioti,
907 3182 996 3242 tuos:

250 3259 400 3325 Matrona
420 3263 540 3326 inoedit
562 3283 675 3327 census
697 3262 809 3327 induta
829 3265 983 3348 nepotum

292 3344 338 3408 Et
359 3345 461 3426 spolia
483 3347 646 3428 opprobrii
667 3351 777 3411 nostra
797 3370 856 3432 per
877 3367 934 3411 ora
954 3347 1064 3414 trahit

250 3425 382 3494 Nullast
403 3429 570 3512 poscendi,
592 3430 712 3494 nullast
730 3432 909 3497 reverentia
931 3431 1042 3516 dandi,

293 3511 361 3575 Aut
382 3511 517 3594 siquast,
539 3513 641 3594 pretio
663 3515 788 3580 tollitur
808 3517 880 3600 ipsa
899 3537 1000 3582 mora.
