2476 4018
84 217 141 291 rr]
484 217 594 273 umen
614 217 637 276 1.
1008 213 1047 278 11

85 380 225 468 Cynthia
244 403 299 447 me
319 379 429 446 docuit
450 401 576 465 semper
598 401 678 464 quae
701 381 813 465 cuique
834 379 971 480 petenda
1093 443 1098 453 ,

123 466 275 552 Quaeque
297 465 439 532 cavenda
459 465 582 530 forent:
603 486 671 529 non
692 464 774 528 nihil
795 469 863 550 egri
876 467 988 533 Amor.
1013 477 1048 528 20

83 549 130 616 Tu
154 571 238 636 eave,
259 572 302 616 ne
323 550 410 614 tristi
431 550 540 647 cupias
562 569 706 636 pugnare
727 549 853 634 puellae

120 634 213 701 Neve
234 655 273 699 su
296 635 374 700 erba
394 635 483 717 loqm
502 655 584 699 neve
604 637 712 698 bacere
733 634 797 717 diu,

81 717 169 803 Neu,
192 657 298 802 siquid
319 718 422 803 pedii,
444 719 573 804 iugraie
592 718 700 784 fronto
719 717 859 803 negaris,

121 802 280 869 Necubi
301 824 361 888 pro
382 824 466 868 vano
487 803 585 868 verba
605 802 748 888 benigna
768 802 894 868 cadente

81 885 218 952 lnriiala
238 889 337 971 venit,
360 887 487 972 quando
510 888 725 952 contemuitur
744 887 810 969 illa,

122 971 193 1038 Neo
214 972 362 1036 meminil
382 973 481 1036 iustus
503 992 624 1056 ponere
645 972 731 1037 laesa
750 972 872 1036 minas:

14 1135 16 1144 ‚
83 1057 129 1122 Ar
148 1077 212 1140 quo
235 1056 280 1121 sis
301 1054 431 1120 humilis
452 1056 556 1141 magis
578 1059 612 1121 eb
633 1056 793 1121 subiectus
814 1055 925 1141 amori,

14 1163 16 1172 ’
124 1139 197 1206 Hoc
218 1162 252 1204 m
298 1141 323 1204 's
346 1140 458 1205 effecto
482 1161 577 1224 saepe
597 1139 703 1204 fruare
724 1140 821 1205 bono.

83 1223 256 1308 Ispoberib
291 1223 354 1288 elix
374 1245 439 1289 una
459 1245 623 1290 remanere
643 1225 761 1310 puella,

123 1309 187 1386 Qui
206 1329 383 1394 numquam
403 1329 503 1374 vacuo
525 1312 654 1393 pectore
675 1311 757 1376 liber
778 1311 848 1376 erit.

495 1423 639 1442 μ--ι-ιιη

527 1524 581 1598 x]

81 1646 208 1731 Ecquid
228 1649 261 1712 be
283 1646 397 1712 mediis
419 1651 606 1731 cessantem,
630 1645 779 1732 Gynllria,
802 1645 889 1731 Bais,

126 1731 198 1808 Qua
218 1732 304 1796 iacet
324 1731 490 1797 Herculeis
512 1733 629 1797 semita
650 1733 807 1816 litoribus,

81 1815 125 1880 Ili
145 1816 243 1880 modo
265 1820 298 1882 ie
319 1815 428 1881 Protei
449 1816 618 1881 mirantem
640 1817 766 1881 subdita
790 1836 892 1901 regno

1 1965 2 1992 p
121 1900 275 1964 Proxima
295 1900 429 1965 Misenis
451 1922 590 1986 aequora
610 1901 772 1966 nobilibus

1 2009 2 2032 ¹
79 1983 194 2051 Nostri
216 2006 291 2050 cum
312 1985 400 2050 subii
420 2006 577 2050 memores
599 2007 619 2050 a
640 1985 754 2050 ducere
775 1984 910 2049 noctes?

120 2069 243 2153 Ecquis
264 2070 300 2134 iu
321 2072 463 2135 exiremo
484 2073 586 2136 restat
606 2091 713 2135 amore
733 2069 844 2136 locus?

79 2155 134 2218 An
156 2156 189 2218 ie
210 2154 391 2238 nescioquis
413 2155 570 2220 simulatis
591 2155 721 2240 ignibus
743 2153 845 2218 hostis

123 2237 262 2304 Sustulit
283 2260 301 2303 e
320 2240 451 2324 nostris,
473 2239 623 2324 Cynthia,
647 2237 863 2305 carminibus?

82 2323 191 2406 Atque
213 2323 337 2388 utinam
357 2345 452 2409 mage
473 2327 505 2389 be
527 2326 623 2392 remis
646 2325 766 2390 conlisa
785 2325 918 2390 minutis

121 2406 261 2472 Parvola
280 2407 419 2474 Lucrina
441 2409 554 2492 cymba
575 2414 716 2475 moretur
738 2432 830 2495 aqua,

80 2491 149 2555 Aul
168 2494 278 2557 leneal
299 2493 439 2558 clamem
459 2495 549 2559 tenui
571 2495 775 2560 Teuthrantis
797 2495 832 2558 in
852 2493 938 2557 unda

122 2575 276 2641 Alternac
296 2577 400 2642 facilis
422 2579 532 2644 cedere
553 2577 685 2662 lympha
705 2599 813 2660 mauu,

80 2659 185 2736 Quam
205 2663 299 2726 racel
319 2661 448 2728 alterius
471 2662 607 2727 blandos
630 2661 739 2725 audire
761 2681 906 2726 susmros

122 2744 267 2810 Molliter
287 2746 324 2810 in
343 2747 441 2811 tacito
464 2747 558 2811 litore
582 2746 791 2830 conpositam,

78 2827 128 2894 Vb
150 2829 233 2894 solet
253 2834 360 2894 amobe
383 2831 448 2895 labi
469 2831 601 2896 custode
622 2830 730 2916 puella

121 2912 256 3000 Perfida,
282 2935 465 2980 communes
488 2937 550 2982 uec
570 2916 753 2982 meminisse
778 2914 868 2998 deos3

76 2997 157 3064 Non
179 2999 254 3082 quia
274 3004 441 3084 perspecta
461 3022 529 3066 nou
551 3022 585 3065 es
606 3000 686 3064 mihi
708 3000 838 3084 cognita
858 2999 952 3082 furna,

124 3081 187 3146 Sed
208 3083 294 3167 quod
314 3085 350 3148 in
371 3085 430 3149 hae
452 3086 557 3150 omnis
578 3087 668 3170 parte
688 3087 815 3148 veretur
837 3105 935 3149 amor.

75 3165 233 3252 Ignosces
254 3168 363 3252 igitur,
386 3169 491 3254 siquid
512 3169 685 3234 sisinisco
706 3169 807 3234 libelli

122 3251 302 3317 Attulerini
321 3255 440 3320 nostri:
462 3254 557 3338 culpa
576 3254 702 3318 timoris
725 3254 794 3319 erit.
1008 3265 1045 3318 20

74 3337 127 3420 A,
148 3335 227 3400 mihi
249 3357 316 3401 non
337 3339 439 3404 maior
460 3360 551 3403 carae
573 3338 718 3404 cusiodia
739 3340 849 3405 matris

120 3420 190 3485 Aut
210 3422 280 3486 sine
300 3425 334 3487 be
354 3425 439 3488 vilae
461 3445 536 3488 eura
557 3424 601 3489 sit
621 3424 688 3488 ulla
708 3445 805 3489 meae.

74 3504 129 3571 Tu
149 3505 229 3571 mihi
253 3508 323 3572 sola
345 3508 468 3593 domus,
489 3511 535 3592 tu,
558 3507 707 3594 Cynthia,
730 3509 799 3574 sola
819 3510 979 3592 parentes,
