2444 4056
200 235 227 282 χ
573 219 784 276 camnine.
854 200 861 210 '

198 390 270 448 ierit
284 405 345 446 non
368 388 440 446 satis
458 387 589 459 constat,
610 388 669 446 nisi
688 386 767 461 quod
784 404 852 445 enm
869 387 946 461 apud
960 385 1163 448 Guarinorum

200 471 345 530 familiam
364 490 418 546 per
439 487 512 529 saec.
535 471 614 529 certe
629 468 684 528 XV
705 470 796 529 luisse
810 469 958 544 probabili
979 489 1050 530 sane
1065 475 1161 532 conie-

201 557 285 614 ctura
309 554 415 614 statuit
441 553 656 614 Lachmannus.
707 551 842 611 Videnda
872 554 962 611 etiam
986 573 1063 630 quae
1088 556 1161 616 dixit
1205 566 1206 603 ἒ

200 639 350 713 Hauptius
364 637 460 696 libelli
476 636 603 696 academ.
619 655 646 694 a.
662 636 741 695 1857
758 634 831 696 editi
846 655 916 713 pgg.
934 638 962 695 5.
979 639 1008 698 6.
1062 710 1063 714 ¹

287 721 345 780 Sed
365 720 549 796 temporibus
567 719 663 778 isdem
677 719 819 794 pleraque
835 738 999 795 provenere
1013 725 1159 798 exempla·
1205 722 1206 799 l

200 806 246 864 ria
267 806 303 864 ab
319 805 404 866 Italis
424 804 623 880 grammaticis
645 804 835 878 interpolata,
856 822 923 862 cum
937 804 1095 864 studerent
1108 825 1157 880 pro
1204 867 1205 870 ,

200 889 283 948 virili
302 892 387 964 parte
406 889 526 962 poetam
547 887 754 946 suavissimum
775 887 829 948 sed
847 888 1158 948 11111111111111111
1205 886 1206 945 ᾗ

200 973 233 1031 11
248 973 369 1030 modum
384 973 484 1028 essent
498 972 645 1045 corrupta,
658 970 799 1048 adaptare
813 971 944 1031 lecturis.
964 971 1005 1028 Hi
1019 971 1160 1048 pleraque

200 1056 274 1116 vitia
288 1073 355 1112 rara
368 1054 509 1112 felicitate
523 1053 636 1129 ingenii
651 1054 849 1128 sustulerunt3
863 1073 1042 1129 quamquam
1054 1074 1092 1114 ne
1108 1057 1158 1114 hoc

201 1137 322 1214 quidem
336 1138 445 1196 mirum
460 1137 578 1196 eosdem
592 1137 724 1198 nondum
743 1135 860 1196 11111111
878 1136 1029 1196 iudicandi
1047 1142 1112 1196 arta
1131 1141 1157 1197 in

202 1220 392 1280 emendandis
414 1218 525 1280 Catulli
543 1220 644 1281 verbis
670 1221 851 1295 saepiuscule
870 1221 1023 1280 aberrasse
1044 1240 1062 1279 a
1080 1240 1157 1282 vero.
1204 1295 1205 1298 Ἴ

203 1304 343 1364 Ceterum
363 1322 430 1362 cum
450 1303 578 1364 maximo
599 1304 753 1363 doctorum
774 1321 873 1362 amore
888 1303 1061 1364 foverentur
1075 1304 1158 1363 huius
1201 1325 1205 1373 ;

202 1389 316 1463 pariter
338 1391 369 1446 et
388 1388 572 1462 reliquorum
586 1388 764 1446 ereticorum
779 1387 923 1459 earmina,
944 1406 982 1446 ne
1005 1389 1157 1464 insequen-

202 1471 282 1530 tibus
304 1470 425 1547 qnidem
445 1471 569 1530 saeculis
590 1470 711 1529 defuere
732 1471 826 1529 critici
853 1467 1030 1530 carminibus
1051 1471 1157 1530 Catulli
1205 1504 1206 1507 ¹

145 1563 151 1570 ’
202 1553 404 1615 restituendis.
435 1555 567 1626 Quorum
587 1554 757 1628 potissimos
776 1572 835 1629 qua
849 1553 933 1613 decet
946 1554 1093 1614 brevitate
1107 1556 1157 1614 hoc
1205 1556 1206 1569 ¹

203 1638 268 1697 loco
283 1638 530 1713 percensebimus.
558 1637 662 1711 Itaque
678 1638 791 1711 primus
805 1637 1002 1698 nominandus
1012 1637 1156 1697 Antonius

204 1723 339 1782 Muretus
354 1720 568 1798 elegantissimi
588 1720 688 1782 iudicii
707 1719 795 1778 homo
811 1722 932 1796 aptique
947 1720 1061 1780 Catullo
1077 1723 1156 1796 inge·

203 1807 261 1880 nii,
282 1825 372 1882 porro
387 1805 519 1865 Achilles
536 1804 662 1876 Statius,
683 1803 733 1878 qni
752 1804 825 1862 item
840 1804 1058 1863 commentariis
1072 1805 1155 1862 editis

203 1892 279 1949 bene
300 1889 425 1949 meritus
445 1893 491 1949 est
510 1890 545 1947 de
561 1887 680 1948 Valerio
700 1888 813 1962 pariter
832 1890 920 1962 atque
934 1887 1033 1959 Albio,
1054 1889 1154 1946 melius

203 1977 306 2031 tamen
327 1973 362 2030 de
382 1973 445 2030 illo.
488 1971 602 2028 Deinde
628 1969 836 2030 memorandus
856 1969 999 2045 Iosephus
1020 1969 1153 2046 Scaliger,

186 2056 287 2113 ,cuius
306 2055 339 2111 in
358 2054 461 2126 poetas
481 2052 589 2110 latinos
610 2069 696 2112 curae
715 2055 819 2129 quanti
839 2057 939 2114 essent
962 2054 1154 2112 aestimandae

206 2135 288 2214 (nam
308 2134 429 2210 quidam
449 2135 481 2192 in
500 2134 647 2194 laudando
667 2153 701 2194 ec
721 2137 804 2196 fuere
818 2135 915 2213 nimii)
930 2155 1025 2211 nuper
1038 2137 1069 2194 in
1084 2137 1153 2194 libro

206 2220 241 2278 de
264 2219 391 2277 classicis
406 2217 662 2276 Nederlaudorum
682 2219 787 2278 studiis
806 2239 856 2296 pg.
874 2221 934 2277 224
950 2221 1152 2279 demonstravi-

204 2321 281 2362 mus.
324 2301 421 2360 Huius
446 2301 600 2376 ingenium
620 2320 686 2362 cum
711 2304 806 2378 magis
830 2305 1028 2363 vetustiorum
1052 2305 1152 2361 latinae

204 2387 325 2461 linguae
350 2386 504 2443 auctorum
528 2403 617 2460 quam
641 2387 838 2446 recentiorum
863 2387 947 2446 libris
972 2385 1151 2446 emendandis

206 2472 285 2528 esset
299 2471 415 2543 aptum,
432 2467 564 2540 Catullo,
589 2470 640 2544 qui
654 2469 768 2529 medius
783 2470 844 2529 fere
859 2475 906 2530 est
918 2471 996 2528 inter
1010 2473 1150 2544 utrosque,

205 2554 335 2611 multum
354 2551 475 2626 profuit.
505 2551 567 2610 Nec
588 2553 783 2626 spernendam
804 2572 873 2614 sane
896 2572 1016 2628 operam
1035 2553 1067 2612 in
1086 2555 1150 2611 eius·

208 2637 276 2695 dem
291 2635 368 2694 libro
387 2636 437 2695 vel
457 2635 639 2696 emendando
653 2638 703 2696 vel
717 2637 888 2711 explicando
909 2637 1066 2696 collocavit
1083 2636 1150 2694 Isaa-

206 2738 257 2780 111
271 2717 411 2792 Vossius,
432 2719 593 2779 immensae
608 2721 654 2778 vir
669 2720 828 2793 doctrinae,
848 2738 944 2796 neque
958 2721 1073 2780 hebetis
1087 2716 1149 2777 iudi-

202 2805 253 2880 cii,
276 2803 328 2864 sed
343 2821 429 2880 saepe
444 2803 542 2862 minus
557 2803 707 2878 simplicis,
728 2823 766 2862 ne
780 2803 875 2862 dicam
889 2804 1031 2878 perversi.
1059 2801 1151 2876 Neque

207 2888 324 2948 silentio
344 2887 473 2965 tegenda
492 2905 567 2962 quae
588 2906 696 2962 magna
715 2887 767 2944 illa
781 2889 894 2946 lumina
907 2887 1096 2958 Batavermn,
1109 2881 1151 2941 Ni·

208 2971 308 3028 colaus
322 2971 462 3032 Heinsius
482 2974 513 3030 et
532 2969 678 3030 Iohannes
695 2969 883 3043 Schraderus,
893 2970 996 3028 'eidem
1010 2967 1151 3044 praestite-

207 3056 279 3112 runt
293 3056 405 3127 poetae.
434 3055 512 3112 Nam
526 3055 608 3114 cuius
623 3053 760 3114 editionis
774 3053 977 3112 Broukhusius
992 3071 1075 3128 spem
1089 3052 1152 3109 fece·

207 3140 256 3194 rat
278 3136 372 3195 doctis
395 3136 578 3209 hominibus,
604 3157 638 3196 11
662 3155 733 3196 vero
757 3156 818 3196 non
841 3137 978 3212 pervenit
1002 3136 1039 3194 ad
1065 3135 1152 3217 finem·

210 3219 351 3278 Ceterum
364 3222 533 3292 temporum
548 3221 643 3293 spatio
659 3238 726 3278 curn
741 3221 814 3278 aliae
829 3239 918 3296 super
932 3219 1003 3278 alias
1019 3215 1127 3278 conieot
1143 3245 1152 3256 ·

207 3321 258 3361 rae
272 3305 372 3362 esseut
390 3303 491 3360 illatae
511 3303 543 3360 in
557 3306 662 3377 poetae
676 3303 855 3362 Veronensis
874 3305 993 3375 librum,
1008 3319 1101 3376 neque
1114 3313 1151 3354 co·

208 3387 306 3443 dicum
330 3385 488 3442 meliorum
518 3385 689 3444 testimonia
713 3388 772 3442 iarn
796 3387 1027 3460 respicerentur,
1057 3380 1152 3443 sensim

192 3470 319 3542 evenit,
338 3470 374 3525 ut
389 3465 540 3524 Catullum
559 3466 591 3524 in
611 3468 676 3540 ipso
696 3467 860 3539 requireres
876 3467 1003 3527 Catullo.
1031 3465 1105 3528 Huic
1116 3463 1161 3528 iffi
