2468 4036
203 253 248 318 50
616 255 759 312 rmum
1143 261 1180 330 [a

268 401 362 485 Solus
383 423 519 503 utroque
540 419 625 484 idem
646 419 760 484 diceris
782 441 919 505 magnus
940 421 977 486 in
998 421 1087 486 orbe.

310 503 386 568 Nun
408 525 469 601 ego
491 526 561 568 sum
582 504 659 568 satia
682 503 723 567 ad
744 507 852 568 tantae
865 507 1037 588 praeconia
1056 505 1177 589 laudis,

267 588 285 652 1
308 610 342 653 se
363 588 444 652 nriln
464 610 533 652 non
554 589 583 652 si
600 588 801 684 praescribat
821 591 962 652 carmina
983 588 1147 654 Phoebus.

299 677 330 738 st
348 673 424 755 tibi,
446 673 501 756 qui
521 676 624 756 possit
644 674 772 756 magnis
794 694 828 737 se
850 675 940 736 aocin
964 694 1016 736 ere
1038 673 1154 757 rebus,

206 771 256 820 180
267 757 418 843 Valgius:
440 761 568 821 aeterno
591 758 721 841 propior
742 777 810 820 non
831 757 911 822 alter
966 778 1088 821 omero.

268 841 437 926 languida
456 863 524 904 non
545 844 656 904 noster
670 841 797 925 peragit
816 841 907 904 labor
921 841 1002 922 otia,
1026 844 1177 924 quamvis

268 926 426 1007 Fortuna,
448 929 486 988 ut
505 945 575 989 mus
598 928 647 988 est
667 925 730 1007 illi,
753 947 804 988 me
827 925 957 990 adversa
979 926 1108 1010 fatiget.

268 1009 353 1076 Nam
367 1009 461 1092 mihi,
477 1031 550 1073 eum
564 1009 689 1106 magnis
703 1009 818 1092 opibus
833 1009 945 1074 domus
962 1009 1029 1073 alta
1042 1009 1176 1094 niteret,

270 1094 330 1159 Oui
350 1095 478 1158 fuerant
497 1093 571 1156 flavi
592 1094 731 1157 ditantes
753 1093 863 1158 ordine
886 1093 966 1157 surlci

206 1191 255 1242 185
266 1178 391 1241 Horrea
411 1177 563 1241 fecundas
585 1176 625 1240 ad
646 1176 826 1241 deficientia
846 1198 981 1261 messes,

270 1261 391 1344 cuique
412 1281 510 1343 pecus
532 1260 632 1324 denso
653 1261 830 1345 pascebant
849 1264 978 1346 agmine
1001 1263 1102 1328 eolles

268 1345 328 1430 (Et
349 1345 479 1408 domino
502 1344 587 1426 satis,
603 1348 635 1408 ct
655 1346 790 1410 nimium
811 1345 935 1429 furique
957 1347 1130 1432 lupoque),

269 1429 365 1494 Nunc
386 1426 577 1493 desiderium
600 1433 758 1512 superest:
783 1451 859 1494 nam
881 1451 956 1494 cura
976 1435 1129 1513 novatur,

269 1513 351 1578 Cum
377 1534 499 1578 mernor
526 1517 600 1578 ante
627 1516 716 1578 actos
743 1535 868 1598 semper
900 1513 993 1580 dolor
1020 1513 1173 1580 admonet

814 1621 924 1663 annos.

207 1698 256 1746 190
266 1683 329 1749 Sed
351 1683 427 1748 licet
448 1683 609 1770 asperiora
631 1682 747 1746 cadant
768 1683 947 1767 spolierque
967 1684 1107 1766 relictis,

267 1769 344 1834 Non
365 1772 398 1833 te
420 1767 569 1832 deficient
589 1770 721 1830 nostrae
739 1788 914 1831 memorare
936 1765 1105 1832 Camenae.

268 1853 338 1918 Nec
361 1853 465 1917 solum
486 1852 547 1916 tibi
567 1850 665 1916 Pierii
685 1851 865 1914 tribuentur
885 1851 1042 1916 honores:

134 2015 137 2020 Ι
267 1937 330 2001 Pro
352 1941 384 2000 te
405 1936 457 2001 rel
477 1935 604 2000 rabidas
626 1934 727 1998 ausim
748 1935 845 1999 maris
867 1936 912 2000 ire
933 1936 1134 2019 parandas,

268 2020 419 2085 Adversis
441 2019 575 2084 hiberna
595 2019 673 2084 licet
687 2023 837 2094 ¹tumeant
857 2019 939 2100 freta
960 2020 1080 2103 ventis,

207 2117 254 2166 195
266 2103 329 2168 Pro
350 2107 382 2168 te
403 2105 455 2168 vel
477 2103 584 2169 densis
606 2103 692 2167 solus
715 2103 886 2168 subsistere
907 2104 1021 2168 turmis

267 2187 329 2251 Vel
350 2209 487 2270 pronum
501 2189 663 2252 Aetnaeae
679 2205 793 2271 eorpus
809 2187 998 2252 conmittere
1012 2188 1167 2252 flammae

268 2269 346 2335 Sum
368 2271 603 2355 quodcumque,
624 2275 755 2335 tuumst.
786 2272 890 2336 nostri
906 2273 933 2334 si
947 2273 1080 2355 parvola
1094 2295 1170 2337 cura

268 2353 318 2420 Sit
331 2353 400 2437 tibi,
423 2357 541 2436 quanta
555 2356 643 2438 libet,
668 2356 695 2420 si
710 2355 753 2419 sit
766 2355 872 2439 modo,
894 2377 961 2420 non
975 2356 1056 2420 mibi
1069 2379 1170 2442 regna

266 2438 382 2522 Lydia,
404 2458 471 2501 non
491 2439 601 2522 magni
622 2439 730 2521 potior
753 2440 795 2503 sit
816 2440 901 2504 fama
924 2439 1072 2525 Gylippi,

204 2536 255 2584 200
265 2521 363 2588 Posse
385 2522 537 2586 Meleteas
558 2542 618 2584 nec
639 2523 768 2588 mallem
789 2525 915 2588 vincere
939 2523 1076 2590 chartas.

270 2607 362 2683 Quod
383 2607 442 2672 tibi
465 2607 492 2671 si
513 2627 623 2671 versus
644 2611 768 2689 noster,
790 2610 916 2672 totusue
938 2609 1101 2693 minusve,

266 2691 328 2756 Vel
349 2692 430 2757 bene
452 2691 493 2756 sit
514 2694 624 2775 notus,
648 2713 771 2757 summo
793 2693 845 2757 vel
865 2692 1031 2758 inhaereat
1053 2714 1124 2778 ore,

266 2775 365 2842 Nulla
385 2776 465 2840 mibi
487 2778 627 2842 statuent
648 2776 744 2839 finem
765 2779 798 2840 te
819 2777 886 2840 fata
908 2777 1051 2841 canendi.

267 2861 352 2937 Quin
374 2862 468 2926 etiam
490 2883 561 2924 mea
583 2883 654 2926 cum
675 2861 815 2925 tumulus
838 2863 1014 2926 contexerit
1037 2883 1125 2945 ossa,

55 2962 72 3008 ,²
203 2957 253 3008 205
266 2945 328 3010 Seu
349 2949 473 3010 matura
494 2945 561 3010 dies
584 2945 717 3009 celerem
742 2950 893 3029 properat
913 2945 993 3009 milri
1015 2949 1169 3030 mortem,

266 3029 380 3116 Longa
400 3032 511 3095 manet
531 3051 587 3094 seu
608 3030 687 3112 vita,
709 3032 831 3113 tamen,
854 3033 976 3094 mutata
996 3030 1100 3116 figura

268 3113 331 3177 Seu
352 3135 403 3176 me
425 3115 527 3200 finget
548 3136 664 3198 equum
686 3113 807 3198 rigidos
829 3135 1012 3196 percurrere
1038 3135 1168 3197 campos

267 3195 407 3260 Doctum
429 3220 486 3262 seu
506 3197 590 3261 tardi
611 3198 735 3280 pecoris
759 3197 819 3260 sim
840 3198 944 3282 gloria
965 3201 1074 3262 taurus

269 3279 342 3345 Sive
365 3301 424 3364 ego
446 3303 504 3363 per
519 3283 542 3344 li
564 3281 673 3345 uidum
687 3281 824 3345 volucris
839 3282 935 3345 vehar
950 3303 1023 3346 aera
1036 3284 1166 3367 pennis,

202 3378 254 3428 210
265 3362 533 3458 Quandocumque
543 3304 710 3426 bominem
724 3387 775 3428 mc
790 3366 888 3449 longa
901 3366 1058 3452 receperit
1068 3371 1167 3449 aetas,

267 3446 407 3528 Inceptrs
431 3445 468 3508 de
491 3447 524 3510 te
545 3445 710 3508 subtexam
734 3449 872 3511 carmina
895 3449 1024 3516 chartis,
