2464 4020
205 265 281 316 XLII
580 249 791 308 PRAEFATIO.

268 420 306 495 V,
323 421 350 494 2,
366 419 387 478 4
408 417 557 482 Volsawioe
570 417 600 477 N
619 419 703 494 Reg,
725 417 864 479 Votemws
878 416 915 478 G.
944 417 991 480 cf.
1006 417 1162 480 Febrettus

205 507 330 581 incorp.
346 505 434 564 inser.
450 505 519 563 Ital.
534 522 558 563 e.
573 521 602 562 v.
624 501 793 564 Votsteiwm.

267 590 309 648 ib.
329 591 366 648 11
377 589 596 663 praecepimus
609 586 678 660 Fee,
690 589 890 660 praeceptum
903 606 933 648 v.

267 675 308 732 ib.
326 675 364 732 61
380 673 531 733 Marmei
544 670 582 744 N,
598 670 678 746 quod
691 670 811 745 reduxi3
827 671 963 730 Mamurt
975 690 1006 732 v.

269 757 307 831 V,
325 758 354 830 3,
372 758 389 815 7
406 755 543 826 †Baetra
551 772 608 828 per
621 759 717 825 ortum·
731 754 780 814 hie
793 755 852 814 loci
867 755 1061 830 archetypum
1074 754 1156 813 titisse

205 843 244 901 ed
264 840 426 918 legendum
445 837 597 898 diffieilem
616 840 741 914 epperet
760 857 795 896 ee
814 856 847 896 re
867 838 948 914 quod
961 839 991 898 N
1004 839 1063 898 iste
1074 839 1155 898 verbe

205 926 336 999 omittit3
350 942 407 984 nee
419 941 490 984 vero
504 922 661 998 quisquam
676 921 748 982 setis
763 921 922 998 expedivit.

268 1011 310 1068 ib.
326 1010 345 1068 8
360 1008 507 1068 Nerertmr
521 1005 654 1079 Ieeobne,
669 1005 782 1066 hericus
794 1005 833 1079 N,
849 1007 965 1078 morirer
979 1005 1015 1065 G.

268 1093 309 1151 ib.
328 1093 367 1151 10
380 1091 444 1152 Eoo
459 1123 499 1138 „-
514 1107 585 1163 equo
600 1088 762 1164 Gruterum
784 1089 852 1150 an
867 1121 905 1132 -
921 1107 1002 1164 aqua
1015 1109 1044 1149 v.
1064 1120 1102 1131 -
1118 1088 1150 1146 ib.

204 1178 315 1240 decolor
329 1175 417 1248 (loeti,
432 1175 553 1236 temer
567 1173 632 1232 edd.
659 1201 662 1206 ·

267 1260 308 1319 ib.
322 1260 371 1316 11.
392 1257 481 1317 Hune
490 1276 609 1319 versum
623 1257 667 1316 ite
680 1257 771 1318 hebet
784 1257 927 1334 seriptum
942 1257 972 1315 N
985 1259 1088 1318 harene
1099 1275 1150 1314 mr·

202 1345 264 1404 rita
276 1342 387 1415 fideret
404 1358 494 1415 parce
513 1343 582 1401 aete
600 1346 704 1410 noctes,
724 1359 779 1400 nee
799 1342 886 1400 aliter
900 1340 936 1414 G,
951 1345 1072 1416 excepto
1085 1339 1150 1415 quod

202 1430 252 1486 eet
271 1426 303 1486 in
323 1443 358 1502 eo
376 1429 479 1500 pactae
492 1426 564 1485 peti
576 1430 680 1486 noctes.
709 1425 768 1483 Hie
781 1427 849 1484 ente
865 1424 965 1484 omnia
978 1424 1149 1484 scribendum

202 1513 312 1580 noeti&
325 1528 396 1569 nem
411 1511 553 1584 sequente
562 1527 652 1568 versu
662 1507 826 1568 certissime
838 1511 963 1584 apparet
973 1509 1022 1584 egi
1034 1508 1068 1566 de
1078 1509 1148 1566 nnete

203 1595 342 1670 nuptiali.
371 1594 419 1653 Ite
433 1593 504 1652 alibi
517 1594 619 1667 pactos
634 1591 692 1650 diei
707 1609 766 1665 eos,
782 1592 861 1651 inter
874 1610 948 1666 quoe
964 1591 1000 1650 de
1014 1590 1147 1650 matrimo-

202 1679 255 1738 nio
270 1679 419 1749 convenit,
439 1677 552 1736 nemini
571 1675 718 1751 ignotum.
748 1674 884 1735 Vidende
897 1676 988 1734 etiem
1002 1683 1075 1750 qnae
1088 1674 1147 1732 dixit

204 1761 421 1838 Hertzbergius
436 1761 473 1819 ed
486 1759 562 1818 iliud
571 1764 676 1832 partae
690 1777 760 1819 arae
769 1759 840 1832 ΠΠ,
854 1761 903 1832 20,
917 1759 968 1817 25.
992 1759 1055 1817 Iem
1064 1758 1146 1830 Herp-

203 1846 265 1908 tiue
286 1845 391 1906 statuit
410 1863 465 1920 pro
485 1862 520 1902 eo
539 1843 620 1918 quod
640 1846 687 1902 est
700 1845 769 1903 avia
782 1843 971 1902 scribendum
984 1845 1074 1902 saria.
1101 1839 1146 1898 Sed

202 1933 241 1988 ut
259 1930 396 1989 omittam
415 1929 470 1989 hoe
489 1927 667 1987 vocabulum
685 1929 723 1985 ut
740 1927 920 2001 eplerisque
933 1927 1030 2001 poetis
1044 1927 1146 1998 vitetis,

203 2014 247 2071 ite
262 2013 362 2087 semel,
377 2029 439 2070 non
453 2011 579 2088 saepius,
600 2011 672 2068 alibi
686 2011 747 2087 legi
761 2009 840 2086 apud
854 2009 1052 2085 Propertium,
1072 2027 1104 2068 ne
1120 2006 1147 2064 ed

204 2097 384 2155 sententiam
402 2094 522 2170 quidem
542 2093 615 2152 mihi
636 2093 839 2153 videturesse
864 2094 936 2152 setis
957 2096 1069 2168 aptum.
1096 2091 1147 2162 Quo

204 2179 304 2237 minue
319 2198 386 2238 eum
399 2180 513 2238 veritus
527 2179 560 2238 in
573 2179 639 2237 loeo
653 2195 742 2252 quem
764 2178 954 2236 obscuratum
968 2177 1059 2237 fnisse
1072 2177 1100 2234 in
1112 2193 1147 2230 er·

204 2261 333 2336 ehetypo
354 2260 426 2319 setis
444 2264 576 2334 constet,
596 2278 740 2335 reponere
766 2259 879 2320 duabus
905 2259 1013 2320 additis
1038 2258 1146 2318 literulis

201 2346 323 2422 paedia,
338 2361 445 2418 nempe
459 2362 595 2416 venerea,
616 2347 652 2402 ut
664 2345 838 2419 plerumque
854 2344 932 2418 apud
946 2343 1079 2403 erotieee.
1105 2340 1146 2400 Ce-

203 2433 303 2488 terum
318 2426 421 2485 dubito
436 2426 531 2498 velde,
552 2445 622 2484 num
645 2429 725 2486 reete
740 2428 912 2503 spreverim,
927 2427 1005 2486 sieut
1017 2425 1146 2501 Hauptim

204 2513 285 2586 feeit,
298 2511 378 2586 qnod
388 2508 500 2586 iegitur
510 2508 577 2568 ini}
590 2505 638 2585 (ut
648 2510 681 2568 in
690 2511 744 2569 rel.
755 2510 830 2584 edd.)
840 2529 1005 2588 pronomen
1014 2512 1148 2580 mittnee

203 2597 285 2655 enim
296 2598 358 2653 tem
369 2595 541 2670 imperitum
555 2593 647 2653 fuisse
659 2594 795 2654 existimo
804 2595 969 2668 librarium,
985 2597 1020 2653 nt
1029 2593 1146 2660 nesciret,

203 2681 279 2756 quot
292 2678 383 2754 pedes
403 2681 503 2738 essent
516 2676 695 2750 hexametri,
717 2696 783 2736 eum
797 2679 972 2753 praesertim
985 2678 1049 2753 ipse
1063 2677 1146 2749 Haup-

203 2765 265 2824 tius
287 2765 399 2823 statuet
417 2762 544 2821 eundem
563 2762 729 2820 rationibus
749 2761 879 2821 metrieie
894 2761 1053 2820 adductum
1067 2759 1145 2834 exple

203 2848 283 2908 visse
298 2847 449 2906 lebentem
463 2864 582 2906 versum
602 2862 637 2903 eo
658 2844 737 2919 quod
751 2847 797 2904 est
810 2846 890 2904 miti.
920 2844 978 2903 Vix
991 2845 1083 2920 igitur
1094 2841 1147 2901 rudi

205 2931 382 2991 emendandi
401 2932 509 2990 eonetu
535 2927 720 3005 Groningani
739 2928 809 2987 iibri
828 2929 975 3004 scripture
993 2931 1091 3003 potest
1110 2944 1148 2982 er·

204 3014 319 3090 plieeri.
348 3015 454 3088 Dedit,
476 3016 563 3090 puto,
585 3012 773 3088 Propertius:
799 3017 904 3086 partae
924 3017 950 3072 rt
966 3013 1039 3072 etthi
1054 3010 1149 3086 pande

205 3101 308 3165 mortis,
324 3100 357 3156 ut
371 3097 535 3173 pertineret
548 3097 620 3158 etthi
634 3097 804 3155 adsensum
818 3099 978 3171 utrumque
992 3115 1101 3156 versus.

267 3178 308 3236 ib.
324 3180 364 3238 48
387 3179 508 3253 Afrteus
528 3181 609 3255 edd.;
630 3179 704 3238 illud
724 3181 840 3239 tetricus
861 3180 940 3254 quod
954 3179 1100 3250 rarissime
1113 3194 1148 3237 oe·

203 3262 299 3322 eurrit
320 3263 399 3336 apud
418 3267 521 3339 poetes
540 3266 572 3322 et
590 3281 628 3322 ne
644 3266 746 3338 aptum
760 3262 880 3338 quidem
894 3266 941 3322 est
954 3262 1022 3321 huie
1037 3265 1098 3322 loeo
1109 3277 1148 3320 vo·

204 3345 343 3404 eebulum
359 3375 400 3384 -
414 3345 504 3402 nimie
524 3345 603 3403 enim
624 3346 748 3420 languet
762 3377 803 3387 —
818 3346 900 3405 dedit
915 3345 1149 3406 Schneidewinus.

204 3429 326 3503 Repone
346 3426 426 3500 quod
444 3443 537 3501 paene
552 3429 759 3501 necessarium,
781 3432 816 3487 ut
830 3429 1004 3502 deeleretur,
1021 3430 1090 3505 quid
1102 3429 1151 3487 sint

204 3511 281 3570 attae
301 3526 403 3584 aquae,
423 3508 456 3582 id
474 3506 554 3582 qnod
568 3509 614 3566 est
628 3511 758 3571 aetheris.
788 3511 923 3586 Apparet
937 3513 1017 3574 enim
1036 3513 1151 3588 primum
