2492 4022
365 805 711 895 PRAEFATIO

118 1099 166 1160 De
182 1099 295 1160 Tibulli
313 1099 461 1160 librorum
482 1100 582 1160 codiee
602 1099 764 1177 archetypo
785 1100 913 1163 diximus
927 1103 959 1164 in
974 1122 1023 1163 au·

41 1186 176 1248 malibus
189 1184 377 1262 philologieis
392 1203 419 1242 a.
436 1186 517 1244 1869
533 1183 631 1258 editis,
646 1203 719 1262 pgg.
732 1186 867 1246 63-77.
886 1187 933 1247 Ibi
948 1205 1023 1264 quae

43 1273 129 1332 sunt
149 1269 282 1345 exposita
301 1269 363 1328 iam
382 1268 431 1328 hio
450 1269 508 1328 loci
522 1271 702 1345 repetuntur-
723 1269 909 1344 paucissimis
928 1273 1024 1332 inmu-

42 1355 139 1414 tatis.

120 1437 164 1496 Et
190 1438 318 1498 maxime
343 1435 464 1514 quidem
489 1435 568 1496 illud
598 1438 798 1498 excusandum
824 1439 903 1514 quod
932 1439 1023 1502 Tran-

46 1522 155 1582 ckenii
174 1521 294 1580 libellus
314 1520 352 1580 de
372 1521 441 1580 crisi
456 1520 570 1580 Tibulli
590 1521 772 1582 carminibus
794 1522 959 1582 adhibenda
973 1525 1025 1598 qui

45 1606 171 1682 legitur
199 1605 330 1666 insertus
356 1608 491 1665 actorum
510 1604 602 1664 Acad.
624 1605 791 1666 Amstelod.
807 1605 1023 1666 litterariorum

46 1690 138 1768 parti
158 1689 287 1750 decimae
313 1686 466 1768 (provenit
490 1707 516 1748 a.
542 1686 637 1765 1866)
663 1707 734 1749 casu
757 1689 885 1765 quodem
910 1690 1025 1750 infelici

11 1847 12 1852 η
48 1781 131 1835 tunc
145 1775 289 1850 temporis
303 1791 358 1834 uos
371 1774 502 1850 fugerat.

120 1857 282 1917 Praeterea
300 1857 497 1917 nominandae
518 1856 743 1918 dissertationes
758 1856 880 1918 Ottonis
892 1856 1025 1917 Richteri

48 1945 93 2004 de
114 1939 265 2002 Vincentii
285 1941 504 2002 Bellovacensis
529 1941 676 2018 excerptis
698 1941 876 2001 Tibullianis
902 1941 1023 2002 Bonnaa

49 2049 79 2087 a.
102 2026 186 2086 1865
207 2026 288 2086 edite
307 2028 338 2084 et
352 2025 473 2086 Ernesti
487 2025 637 2086 Protzenii
658 2025 696 2084 de
716 2026 863 2102 excerptis
879 2025 1022 2085 Tibullia-

49 2114 105 2171 nis
119 2111 242 2169 ineunte
256 2127 358 2192 mense
371 2111 434 2169 h.a.
449 2109 589 2187 Augusto
603 2110 754 2186 publicata
768 2109 1024 2187 Gryphiswaldiae

51 2201 87 2255 ct
110 2195 213 2270 paullo
232 2197 303 2270 post
321 2195 357 2253 ab
379 2213 416 2254 eo
434 2195 487 2270 qui
511 2193 631 2270 scripsit
656 2213 723 2254 cum
746 2195 888 2254 comitate
911 2195 949 2254 66
968 2213 1024 2254 666

50 2278 243 2339 transmissa
272 2276 406 2356 Vterque
427 2297 495 2337 oum
517 2296 588 2338 cura
607 2277 758 2340 coniectus
778 2279 899 2339 libellus
919 2281 951 2338 66
970 2297 1025 2338 666

51 2363 147 2422 16666
166 2361 275 2438 dignus
294 2363 333 2420 ad
352 2363 471 2439 singula
484 2363 629 2440 quaedam
643 2366 724 2424 recte
739 2361 923 2423 aestimanda
936 2362 1023 2422 uobis

51 2449 115 2507 fuit
129 2446 229 2506 utilis:
251 2448 383 2506 ceterum
402 2447 481 2522 quod
501 2465 598 2523 nuper
616 2448 744 2508 diximus
765 2447 972 2508 auctoritatem
993 2450 1025 2505 et

51 2532 149 2590 fidem
175 2533 382 2606 excerptorum
409 2530 649 2590 Tibullianorum
673 2534 792 2608 praeter
821 2531 1025 2608 Trisingensia

54 2633 123 2676 esse
140 2615 305 2688 minimam,
321 2617 353 2673 et
366 2633 446 2675 nnnc
461 2616 543 2674 omni
557 2615 683 2692 pignore
698 2614 896 2675 adfirmamus.

123 2697 209 2768 Quod
228 2699 397 2758 coniectura
416 2699 496 2758 haud
514 2698 706 2776 improbabili
729 2699 886 2770 statuitur,
911 2697 1023 2758 Catulli

52 2784 206 2842 librorum
220 2781 354 2844 Thuanei
375 2785 408 2843 et
420 2781 602 2844 Veronensis
616 2783 809 2858 archetypum
824 2781 1024 2858 conscriptum

53 2866 194 2926 fuissein
205 2861 311 2942 Gallia,
327 2866 408 2927 idem
421 2867 555 2927 evemsse
571 2865 685 2926 Tibulli
704 2865 923 2942 exemplatim,
944 2865 1024 2926 unde

54 2952 174 3026 reliqua
193 2950 281 3011 ducta
300 2954 380 3026 sunt,
399 2953 519 3011 tantum
537 2969 598 3010 non
618 2953 733 3010 certum
753 2952 807 3010 est.
853 2949 969 3026 Quippe
992 2951 1025 3010 et

55 3034 235 3095 Ouiacianus
257 3035 401 3112 Scaligeri
419 3034 526 3107 codex,
543 3033 621 3093 haud
641 3034 730 3092 dubie
750 3034 783 3094 in
799 3051 834 3094 ca
852 3035 934 3092 terra
953 3035 1023 3094 scri·

54 3125 138 3194 ptus,
159 3122 190 3179 66
209 3124 362 3196 excerpta,
386 3121 493 3196 quibus
508 3117 684 3178 Vincentius
698 3117 932 3192 Bellovaeeusis,
955 3137 1025 3178 mox

56 3204 193 3279 Scaliger
206 3222 294 3278 usus,
315 3205 440 3264 eandem
455 3205 621 3282 agnoscunt
634 3202 772 3280 patriam.

120 3287 167 3346 Ex
190 3306 225 3347 eo
246 3288 422 3366 archetypo,
443 3289 494 3364 qui
514 3291 633 3365 praeter
647 3289 789 3364 quattuor
803 3286 916 3348 Tibulli
930 3286 1023 3346 libros

55 3373 149 3430 etiem
164 3369 292 3448 Priapea
312 3373 377 3433 eius
397 3372 455 3432 duo
475 3376 506 3432 et
525 3373 651 3432 Domitii
672 3372 764 3432 Marsi
784 3373 968 3449 epigramma
987 3370 1023 3428 de

55 3460 155 3516 morte
168 3459 275 3533 poetae
290 3457 471 3532 continebat,
487 3456 613 3518 aCaroli
627 3457 696 3518 inde
704 3456 811 3534 Magni
821 3469 1023 3594 {neocororum
