2470 4010
425 265 637 324 PRAEFATIO.
898 279 1012 330 nxxm

58 436 142 496 illisio
161 439 263 498 tamen
283 437 357 511 quin
376 439 445 512 post
459 455 526 496 eam
539 435 665 508 ineidat,
685 436 760 496 nihil
781 435 881 498 obstat
895 437 953 500 alsi
967 457 1012 496 ar-

57 539 123 579 oana
135 523 182 581 lex
195 520 313 597 pulchri
330 516 392 598 117,
408 516 439 600 4]
453 543 460 580 ι

174 641 212 682 ne
226 622 351 697 supinus
366 625 415 681 eat
429 638 554 696 cavaque
569 625 601 684 in
616 621 723 698 palude
737 622 898 682 recumbat.

58 723 148 797 Atque
161 725 204 782 ita
219 725 266 782 ter
282 718 345 800 [11.
362 722 413 781 24.
430 718 494 801 26].
528 739 532 746 ·

114 807 163 866 ΧΙ.
185 824 289 868 versus
305 805 481 881 asclepiadei
496 807 623 869 maiores
640 803 677 886 [o.
694 801 747 885 30]

58 989 90 1048 Id
107 995 234 1050 metrum
254 905 746 1068 binorumle'rsuumsss'ystamatis
758 921 950 1068 {apphonem
966 1009 1012 1050 ae-

58 1076 179 1136 mulatus
198 1075 361 1151 dispescuit
382 1073 527 1136 Catullus.
571 1073 708 1136 Videnda
727 1094 803 1151 quae
823 1095 920 1152 nuper
939 1075 1012 1134 dixi-

58 1178 117 1218 mus
131 1161 162 1218 in
174 1159 269 1234 praef.
284 1159 358 1218 Hor.
373 1178 424 1236 pg.
441 1161 490 1232 65,
508 1161 558 1220 66.

114 1243 237 1304 Numeri
256 1242 419 1304 duriusenli
439 1247 471 1303 et
490 1244 599 1304 omissa
618 1243 777 1320 aliquando
799 1261 920 1306 oaesma
943 1249 1013 1321 post

57 1328 175 1400 primam
189 1331 307 1404 partem
320 1345 375 1388 neo
389 1327 487 1388 minus
502 1332 571 1405 post
585 1329 719 1388 alteram.

113 1429 179 1488 XII.
202 1431 334 1505 systema
349 1429 521 1506 sapphicum
538 1426 574 1509 [o.
593 1433 641 1489 11.
659 1426 711 1509 51]

361 1524 696 1598 ὐιῌιννιυιῦ

115 1914 237 1976 Constat
250 1934 340 1976 versu
359 1915 500 1992 sapphico
521 1912 770 1990 hendecasyllabo
786 1916 816 1973 et
830 1913 946 1974 adonio.
976 1913 1013 1974 In

55 1999 103 2058 illo
118 2001 289 2060 troohaeum
303 2000 394 2060 habes
409 1998 537 2059 secunde
552 1998 621 2058 sede
638 2001 687 2071 11,
701 1999 728 2058 6.
742 1999 790 2058 15.
807 1999 857 2072 51,
876 2000 924 2059 13.
940 1997 1012 2060 Cae-

56 2101 120 2142 sura
132 2085 236 2144 insidit
249 2103 301 2144 seu
316 2087 386 2160 post
399 2086 514 2144 sextam
528 2083 676 2160 syllabam

249 2186 301 2244 ille
316 2185 358 2244 mi
372 2203 425 2261 par
440 2202 505 2245 esse
524 2180 529 2262 Ι
549 2182 603 2244 deo
619 2183 739 2244 videtur

55 2285 114 2344 sive
126 2289 194 2361 post
207 2285 342 2361 quintam

251 2387 303 2444 ille
318 2386 401 2446 sifus
417 2389 463 2446 est
481 2383 486 2464 Ι
506 2403 645 2462 superare
662 2384 755 2446 divos.

112 2486 223 2546 Eadem
237 2486 375 2562 negleota
392 2488 441 2561 11,
454 2488 483 2547 6.
497 2488 525 2546 7.
540 2487 589 2546 11.
612 2485 756 2563 Rhythmi
771 2488 820 2546 vel
834 2487 866 2546 in
880 2487 935 2546 hoo
950 2505 1010 2545 me-

54 2571 98 2628 tro
112 2575 158 2630 est
171 2572 223 2629 ubi
239 2571 423 2646 displiceant.
452 2569 616 2630 Elisionem
638 2571 799 2647 synaphiae
814 2571 879 2630 iure
893 2571 1011 2630 inst'tu-

54 2656 111 2712 tam
124 2659 194 2730 post
206 2656 344 2714 ultimam
354 2673 457 2715 versus
469 2654 709 2729 hendecasyllabi
723 2657 839 2729 partem
853 2655 943 2714 habes
961 2658 1010 2727 11,

53 2739 165 2882 {9⁸3¹
205 2739 242 2798 ln
266 2738 371 2799 eodem
396 2739 537 2815 opusculo
564 2739 658 2800 semel
683 2739 748 2814 pari
771 2739 941 2804 condicione
968 2738 1011 2796 di·

71 2840 104 2881 uo
152 2842 208 2883 vox

173 2924 321 2984 Gallicum
336 2924 472 2984 Rhenum
487 2924 630 2984 horribile
645 2940 756 2998 aequor
771 2922 827 2980 ulti
847 2953 881 2962 -

172 3026 296 3085 mosque
310 3009 480 3068 Britannos.

108 3109 192 3168 XIII.
216 3110 370 3186 galliambi
387 3105 423 3187 [e.
440 3103 504 3186 63].

108 3209 149 3268 Hi
163 3229 180 3268 a
195 3210 283 3286 gallis
304 3195 506 3270 sacerdotibus
527 3205 657 3286 Cybelae
678 3211 794 3269 traxere
809 3227 919 3270 nomen
933 3212 1009 3270 eius-

51 3310 102 3365 que
117 3295 240 3353 fuerunt
253 3293 392 3354 laudibus
413 3293 550 3353 dedicati.
582 3292 660 3354 Sunt
676 3297 775 3354 autem
791 3294 827 3354 de
843 3313 951 3372 genere
967 3296 1012 3354 io-“

50 3377 179 3437 nieorum
199 3397 217 3437 a
236 3379 354 3438 minon'.
381 3377 481 3438 ¹Vnde
501 3378 674 3455 principalis
694 3397 797 3440 eorum
818 3380 930 3455 species
951 3378 1009 3436 fuit

49 3457 114 3521 haec
131 3460 213 3539 (nam
223 3463 353 3524 ultimus
368 3481 421 3539 pes
437 3462 636 3540 catalecticus)
