2492 4022
450 249 663 308 Puluuaulo.
959 265 1038 312 xvll

56 439 214 496 umquam
227 418 316 478 laesit
331 417 478 477 Tibullus.
508 415 577 476 Vid.
593 417 692 492 etiam,
707 435 782 494 quae
797 435 893 496 nuper
908 419 1038 484 diximus

60 507 106 564 ad
121 505 198 564 Hor.
214 521 238 562 a.
253 501 278 576 1,
295 503 344 576 82,
362 503 397 576 23
419 504 486 575 ouis
498 503 611 562 iuvenes
625 522 654 561 v.

133 589 177 648 ib.
195 589 233 647 19
248 587 379 661 derepue
392 585 453 659 ue,
469 585 506 644 of.
523 584 578 646 Or.
594 605 652 644 am.
667 585 723 658 111,
741 589 769 660 1,
786 588 842 661 513
865 585 929 647 Oet.
946 589 1038 664 lrgm.

62 675 126 746 64,
145 675 164 731 7
180 672 226 731 ed.
243 671 345 746 Jord.;
367 688 435 730 aun.
450 669 522 745 phil.
543 671 563 728 l.
579 689 685 748 m..pg.
700 672 756 746 673
777 671 906 732 decedere
920 673 970 732 vel
992 675 1039 734 de-

60 759 206 820 scendere
220 775 249 815 v.
394 827 398 834 ⁵

136 842 179 900 ib.
195 841 238 899 40
251 838 355 899 rubido
371 837 450 911 Itali,
465 839 569 911 rapido
583 858 612 898 v.

135 926 180 985 ib.
196 924 236 984 58
249 923 298 986 rue
310 922 390 1004 Itali,
405 924 466 996 ipse
480 921 598 981 ABde.

136 1009 180 1068 ib.
196 1008 236 1068 82
250 1007 407 1080 uupuuse
421 1006 500 1079 Itali,
516 1007 671 1081 diripuisse
685 1005 786 1068 ABG.

136 1093 181 1152 ib.
196 1093 236 1152 88
251 1090 398 1165 multati,
413 1107 494 1150 urues
507 1089 608 1150 ABG.

137 1177 180 1236 ib.
197 1177 236 1236 89
251 1175 365 1236 uouse
378 1173 453 1247 edd,
475 1175 661 1248 durepuossel
674 1193 735 1236 exe.
751 1176 829 1250 Per„
844 1194 934 1252 quam
949 1195 1040 1254 agno·

66 1280 140 1322 sees
167 1261 344 1336 scripturam
369 1257 485 1319 venisse
510 1278 528 1317 a
553 1260 707 1320 sacerdote
731 1261 781 1321 vel
806 1262 865 1320 alio
885 1262 1040 1322 restitutae

65 1346 186 1406 frontis
202 1344 331 1404 homine.
665 1423 670 1426 η

140 1429 166 1502 Ι,
181 1431 211 1501 3,
227 1431 246 1487 9
266 1445 355 1502 quum
373 1427 475 1487 Dousu
494 1431 594 1503 pater,
615 1446 682 1490 eum
695 1447 741 1502 ις
762 1427 799 1486 of.
820 1428 891 1502 1111,
909 1431 937 1503 7,
953 1431 984 1489 8.
998 1461 1041 1474 -

67 1513 164 1573 Idem
178 1513 286 1572 vitium
300 1529 390 1587 supra
403 1512 435 1570 iu
450 1510 514 1572 Cat.
532 1514 581 1585 68,
598 1511 638 1572 23
653 1512 853 1585 observatum.

140 1597 183 1657 ib.
201 1597 239 1654 12
253 1597 340 1655 tuuis
354 1595 498 1668 Muretus,
513 1598 607 1656 triviis
621 1596 686 1655 odd.

140 1681 183 1740 ib.
201 1681 240 1738 14
253 1684 451 1754 respueretque
466 1679 518 1739 lib.
536 1680 768 1753 Zwiooavieusis‚
783 1682 987 1756 respiceretque
996 1701 1025 1742 v.

140 1765 182 1824 ib.
200 1765 238 1824 18
252 1763 408 1823 Suteeruive
421 1763 634 1837 Broukhusius,
650 1763 774 1824 Suteerrei
787 1764 816 1823 A
825 1763 896 1839 ΒΟ,
916 1765 1043 1828 Saturni

69 1855 130 1912 aut
145 1847 205 1907 alii.

142 1933 183 1996 ib.
200 1933 241 1993 50
254 1934 346 1993 medlo
359 1937 473 2007 reperto
486 1935 536 1992 retu
549 1930 618 1991 vat.
635 1935 767 2008 quartus,
783 1935 873 2005 reete,
888 1933 947 1993 nisi
961 1933 1042 2009 quod

70 2019 226 2078 librorum
240 2018 399 2093 scriptura,
420 2035 495 2091 quae
510 2019 556 2076 est
574 2019 654 2086 vioe,
679 2017 779 2092 potius
793 2015 870 2076 effioi
884 2017 1043 2078 videbatur

72 2102 157 2162 illud
169 2103 219 2161 viu
233 2106 281 2160 est.
302 2099 402 2178 Vulgo
417 2101 529 2177 legitur
542 2102 618 2160 uelde
631 2106 745 2174 repente
758 2103 830 2174 etue,
846 2101 878 2160 id
891 2103 970 2177 quod
985 2103 1037 2161 du-

73 2186 188 2262 plicem
203 2186 241 2244 ob
263 2203 381 2244 eausam
400 2184 510 2244 falsum
529 2187 591 2259 est3
611 2185 741 2260 primum
761 2187 832 2261 quia
852 2186 933 2244 omni
953 2205 1042 2246 sensu

75 2272 162 2329 earet
175 2268 252 2328 illud
265 2274 394 2344 repeute;
414 2287 510 2344 neque
525 2270 606 2328 enim
622 2269 735 2328 Tibulli
750 2273 855 2343 aetate,
872 2271 924 2329 sed
939 2271 1041 2330 multis

76 2354 207 2414 saeculis
227 2356 294 2412 ante
308 2353 388 2413 Iovis
409 2371 535 2429 ragnum
550 2354 710 2429 inceperat,
731 2354 838 2414 deindo
857 2357 978 2414 omnino
993 2356 1041 2413 ad·

75 2437 217 2497 verbium
238 2436 314 2495 illud
333 2437 463 2496 alienum
482 2438 520 2495 ab
534 2437 624 2498 Albio
645 2439 722 2498 sieut
741 2458 759 2497 a
778 2439 928 2514 plerisque
942 2443 1043 2514 poeta

76 2541 157 2581 rum.
188 2519 327 2580 Ceterum
346 2519 472 2580 videnda
486 2520 666 2581 Broulihusii
686 2521 848 2582 adnotatio.
878 2521 925 2581 Ita
939 2526 970 2581 et
983 2523 1042 2581 Ru·

78 2606 166 2664 tilius
179 2604 205 2677 Ι,
221 2605 297 2665 366:
312 2605 390 2677 ferro
402 2606 518 2665 uioeudi
525 2609 627 2680 primu
640 2612 754 2680 repertu
767 2609 816 2667 utu
830 2611 878 2666 est.
908 2605 1042 2666 Praeter-

78 2709 117 2748 ea
137 2708 166 2748 v.
183 2689 223 2749 28
244 2690 330 2749 huius
350 2691 489 2750 carminis
509 2690 573 2766 ipse
588 2691 726 2750 Tibullus
746 2692 828 2764 puero
841 2691 919 2752 docet
931 2692 1044 2766 templis

79 2773 176 2834 multa
189 2774 293 2834 tubello
306 2776 372 2834 tuis.

146 2855 187 2916 ib.
203 2857 254 2916 52.
276 2858 349 2918 Post
367 2859 439 2918 haee
457 2860 548 2919 verba
567 2860 650 2920 hiera
671 2859 837 2920 orationem
856 2858 935 2935 quod
954 2877 1043 2918 nemo

78 2941 238 3012 haetenus,
258 2942 290 3000 in
311 2946 454 3017 quantum
473 2944 547 3003 mihi
568 2947 698 3017 constat,
721 2943 822 3018 sensit,
848 2961 918 3002 sane
933 2943 1043 3002 mirum

79 3025 211 3086 videtin.
241 3024 319 3096 Quid
336 3026 437 3086 enim?
457 3046 555 3088 nonne
574 3031 639 3088 erat
658 3028 786 3088 hominis
806 3027 975 3087 immodesti
996 3047 1043 3087 ro·

80 3127 163 3184 gare,
179 3113 214 3168 ut
228 3109 291 3184 ipse
301 3110 436 3187 Iuppiter
447 3111 481 3171 Ο.
490 3113 530 3171 M.
543 3116 769 3172 monumentum
784 3113 841 3173 sibi
856 3111 1043 3172 exstrueret?

79 3194 188 3268 Neque
201 3211 272 3252 vero
286 3194 348 3254 ullo
362 3199 447 3270 paeto
468 3198 567 3272 potuit
580 3197 654 3271 fieri,
676 3199 711 3256 ut
725 3197 864 3258 Messalla
877 3197 937 3256 iam
952 3198 1043 3273 signi·

79 3277 221 3335 ficeretur
240 3296 268 3336 v.
285 3278 339 3350 54,
360 3281 469 3356 quippe
488 3300 577 3357 quem
598 3285 685 3342 antea
705 3300 742 3341 ns
757 3282 966 3358 compellasset
979 3281 1042 3356 qui-

82 3361 151 3419 dem
166 3361 351 3436 singillatim.
380 3363 457 3423 Nam
471 3385 519 3425 vv.
538 3368 565 3440 1,
583 3368 601 3424 2
616 3369 703 3427 erant
716 3367 804 3427 haeez

208 3443 298 3504 Rieu
311 3446 443 3523 Aegaeas
458 3450 521 3508 sine
537 3469 593 3524 me,
610 3452 757 3524 Messalla,
772 3470 826 3527 per
840 3450 943 3522 undas,

209 3546 228 3586 ο
242 3530 355 3590 utinam
370 3549 507 3595 muneres
521 3537 582 3611 ipse
596 3536 749 3610 ootorsque
763 3538 827 3596 mei.

131 3640 249 3684 ‘dravum
874 3611 891 3664 b
