2470 4010
13 230 129 302 nnn]
441 229 558 288 crana

599 333 624 377 J

426 393 576 469 XXIIII.
597 450 610 474 c

13 530 41 594 Ο
69 527 127 611 qui
148 525 299 590 flosculus
321 546 355 589 es
376 522 610 608 quentiorum,

13 614 95 678 Non
116 610 234 675 horum
254 609 367 692 modo,
389 609 445 674 sed
467 613 546 706 quot
567 611 623 672 aut
643 607 772 674 fuerunt

13 699 87 761 Aut
108 695 244 778 posthac
266 694 337 758 aliis
360 697 454 758 erunt
474 715 508 757 ιιι
530 694 638 775 annis,

13 781 153 844 Mallem
175 779 301 844 divitias
323 777 429 842 Midae
452 777 592 842 dedisses

13 866 97 945 Isti,
121 863 198 946 quoi
218 884 321 946 neque
344 883 453 926 servus
475 864 647 946 estusque
668 884 759 946 arca,
969 875 987 927 t

13 949 127 1024 Quam
148 948 193 1011 sie
215 950 247 1010 te
270 948 389 1010 sineres
411 946 530 1011 abillo
552 948 661 1012 amari.

13 1032 127 1108 ‘Qui‘t
150 1052 216 1094 non
237 1034 287 1095 est
307 1029 403 1095 homo
424 1030 568 1094 bellusl’
590 1033 723 1116 inquies.
754 1035 816 1097 est:

13 1117 84 1181 Sed
107 1115 192 1178 bello
212 1114 287 1179 huic
308 1136 411 1198 neque
434 1137 541 1179 servos
564 1118 613 1179 est
632 1137 735 1200 neque
757 1137 838 1181 arca.

13 1201 91 1264 Hoc
114 1201 151 1262 tu
172 1199 376 1283 quemlubet
397 1199 487 1264 abice
509 1200 672 1284 elevaque:

13 1285 89 1350 Nec
112 1305 237 1348 servom
258 1288 367 1348 tamen
387 1283 442 1348 ille
463 1283 560 1348 habet
579 1305 683 1368 neque
705 1306 821 1352 arcam.
954 1298 987 1348 ιο

427 1439 580 1450 ,--.-.-

444 1549 555 1626 XXV.

13 1679 161 1746 Cinaede
183 1679 311 1760 Thalle,
333 1681 461 1744 mollior
483 1681 621 1744 cuniculi
645 1681 760 1765 capillo

13 1766 79 1830 Vel
103 1765 226 1828 anseris
249 1764 421 1828 medullula
441 1765 492 1829 vel
516 1765 614 1828 imula
638 1766 761 1829 orioilla

13 1850 78 1913 Vel
101 1871 185 1932 pene
208 1849 357 1932 languido
382 1848 468 1912 senis
491 1847 614 1932 situque
638 1869 806 1932 araneoso,

13 1934 172 2016 Idemque
194 1932 306 1996 Thalle
328 1933 455 1997 turbida
476 1933 621 2016 rapacior
641 1933 798 2016 procella,

14 2018 102 2082 Cum
126 2017 200 2080 diva
219 2018 416 2082 munerarios
439 2017 579 2082 ostendit
600 2018 787 2100 oscitantes,
968 2029 986 2081 t

14 2101 162 2165 Remitte
182 2101 315 2184 pallium
337 2102 417 2165 mihi
437 2123 557 2184 meum,
580 2101 666 2185 quod
687 2102 851 2186 involasti,

14 2186 252 2268 Sudariumque
274 2185 444 2251 Saetabum
466 2189 536 2250 cata
577 2185 741 2271 aphosqne
762 2186 910 2270 Thynos,

14 2271 148 2353 Inepte,
172 2291 252 2352 quae
273 2271 379 2354 palam
402 2270 485 2334 soles
506 2208 624 2335 hallero
645 2273 808 2355 tamquam
830 2273 925 2336 avita.

14 2354 107 2428 Quae
128 2375 216 2417 nnnc
237 2355 302 2418 tuis
325 2355 365 2418 ab
386 2354 548 2440 unguibus
570 2355 731 2439 reglutina
753 2360 785 2420 et
805 2356 946 2440 remitte,

15 2439 64 2502 Ne
89 2438 222 2501 laneum
243 2439 434 2503 latusculum
454 2460 631 2522 manusque
652 2441 839 2504 mollicellas
953 2451 986 2500 ιο

15 2523 131 2584 Inusta
154 2522 290 2605 turpiter
310 2523 371 2587 tibi
391 2523 519 2608 flagella
540 2524 794 2607 conscribillent,

15 2607 58 2669 lIt
81 2606 262 2670 insolenter
284 2612 408 2672 aestues
430 2609 518 2672 velut
538 2608 662 2672 minuta
683 2629 801 2692 magno

15 2690 189 2775 Deprensa
208 2691 299 2756 navis
320 2692 356 2756 in
377 2693 459 2756 mari
480 2693 663 2757 vesaniente
684 2695 791 2758 vento.

430 2849 580 2858 m.-

435 2957 605 3030 ΚΝΑ

16 3087 107 3170 Furi,
132 3087 245 3151 villula
266 3091 377 3152 nostra
398 3108 464 3152 non
486 3087 526 3151 ad
547 3087 659 3151 Austri

16 3171 126 3235 Tlatus
151 3172 332 3256 oppositast
352 3195 455 3257 neque
477 3171 517 3236 ad
538 3171 661 3236 Favoni

17 3255 81 3342 tec
105 3257 196 3320 saevi
217 3255 339 3320 Boreae
361 3263 417 3322 aut
439 3257 624 3341 Apeliotae,

17 3339 140 3403 lerum
163 3341 204 3404 ad
227 3341 317 3405 milia
339 3342 519 3426 quindecim
542 3345 575 3406 et
596 3341 759 3407 ducentos.

17 3423 34 3486 I
59 3427 200 3490 ventum
222 3425 409 3495 horribilem
433 3431 526 3510 atque
547 3427 766 3510 pestilentem!
970 3436 987 3485 5

429 3581 581 3594 ——.—
