2476 4018
209 256 250 320 10
583 261 778 320 Paoeuuru
1070 263 1174 337 [vum

312 422 399 488 Haec
422 425 471 487 esi
492 423 617 488 venturi
638 423 742 508 prima
763 422 873 486 favilla
894 421 978 486 mali.

270 507 352 572 Tum
373 507 476 592 magis
497 507 666 572 Armenias
688 507 795 591 cupies
821 506 969 571 accedere
989 506 1092 592 tigres

219 605 255 657 20
310 591 479 676 armagis
501 591 645 656 infernae
666 591 793 655 vincula
814 611 909 655 nosse
930 593 1030 671 rotae,

270 675 373 752 Quam
393 675 485 773 pueri
505 675 624 740 ’colicus
646 695 754 740 arcum
776 675 893 739 sentire
914 673 1063 738 medullis

309 759 356 825 Et
375 759 457 824 mhil
478 759 579 824 iraiae
599 781 694 844 posse
715 782 738 823 n
780 781 833 824 are
854 762 936 824 tuse.

271 844 389 909 Nullus
410 845 511 909 Amor
533 845 679 928 cuiquam
699 843 809 909 facies
830 845 876 908 ita
896 841 1045 928 praebuit
1066 843 1146 928 alas,

311 927 357 994 Vc
376 950 444 993 non
465 929 588 994 aliems
608 929 760 1014 presserit
779 929 834 992 ille
856 949 963 992 manu.

217 1026 253 1078 25
267 1011 336 1078 Nec
357 1017 389 1078 le
411 1013 558 1098 decipiat,
582 1013 667 1110 quod
688 1011 830 1078 sileatis
852 1013 909 1077 illa
929 1014 1055 1096 parata:

311 1097 426 1162 Acrius
447 1098 505 1162 illa
527 1098 622 1184 subii,
637 1097 779 1181 Pontice,
802 1098 892 1181 siqua
912 1099 1012 1181 tuast3

272 1181 333 1258 Qui
356 1203 396 1266 pe
418 1181 474 1280 ubi
494 1201 562 1246 nou
583 1183 677 1278 licead
696 1203 814 1279 vacuos
837 1181 984 1246 seducere
1006 1180 1135 1256 ocellos,

269 1349 332 1426 aa
344 1265 626 1447 elides
639 1286 770 1415 ”32¹3ss
782 1265 1025 1446 illisum
1046 1370 1131 1416 aa

83 1465 86 1469 ·
219 1447 256 1498 30
313 1434 462 1518 Quisquis
485 1455 528 1519 es,
551 1400 698 1500 adsiduas
720 1457 740 1498 a
761 1435 796 1500 fu
820 1457 836 1499 e
858 1433 1039 1499 blandicias.

268 1518 338 1586 Illis
361 1521 393 1584 ei
415 1519 520 1584 silices
541 1521 678 1604 possunt
699 1527 732 1584 et
752 1457 819 1583 oeci

311 1603 439 1670 Nedum
460 1607 497 1667 'ru
518 1605 632 1688 possis,
655 1603 785 1689 spiritus
806 1604 868 1668 iste
890 1603 978 1668 levis.

269 1689 383 1768 Quare,
399 1689 425 1754 si
440 1688 543 1773 pudor
558 1691 614 1772 est,
631 1689 879 1774 quamprimum
893 1689 995 1752 errata
1010 1685 1128 1753 latere:

310 1772 425 1838 Dicere
446 1795 509 1857 qua
529 1795 640 1860 pereas
663 1795 756 1858 saepe
777 1773 813 1838 iu
835 1793 941 1838 amore
963 1770 1057 1836 levat.

610 1893 761 1904 -ι--ι

812 1541 863 1584 ere
886 1539 1029 1603 quercus,

660 1989 705 2064 X.

268 2109 296 2176 0
318 2111 456 2176 iocunda
478 2113 576 2197 quies,
597 2113 701 2196 primo
725 2133 798 2176 cum
819 2109 910 2174 testis
933 2107 1035 2173 amori

311 2194 488 2260 Adfueram
509 2199 623 2261 vestris
645 2196 792 2262 conscius
813 2195 848 2258 in
869 2193 1025 2257 lacrimis!

269 2276 296 2341 Ο
318 2281 446 2342 noctem
467 2281 651 2344 meminisse
672 2280 753 2344 mihi
773 2278 911 2344 iocunda
930 2277 1090 2362 volupiae,

311 2361 338 2427 O
362 2362 508 2446 quotiens
530 2365 612 2428 votis
638 2365 694 2428 illa
715 2363 860 2429 vocanda
880 2363 970 2446 meio,

240 2445 355 2513 oOum
375 2449 409 2512 te
432 2448 588 2531 conplexa
608 2449 809 2533 morientem,
832 2447 933 2530 Galle,
956 2444 1063 2530 puella

314 2530 462 2598 Vidimus
485 2535 517 2597 ei
538 2533 636 2619 longa
657 2533 770 2598 ducere
792 2533 889 2597 verba
910 2533 1013 2595 mora!

269 2616 418 2693 Quamvis
446 2617 588 2682 labenles
638 2621 773 2682 remere’r
794 2617 874 2682 mihi
895 2635 1025 2680 somnus
1048 2615 1170 2680 ocellos

311 2701 355 2766 Et
376 2701 490 2767 mediis
512 2703 599 2767 caelo
648 2725 712 2768 una
731 2701 860 2766 ruberel
882 2702 980 2785 equis,

267 2783 344 2852 Non
364 2791 473 2852 tamen
495 2809 515 2850 a
535 2791 641 2852 veslro
663 2787 754 2872 potui
776 2786 921 2850 secedere
942 2785 1029 2848 lusu:

220 2884 254 2936 10
311 2871 432 2936 Tantus
455 2872 489 2934 in
511 2872 642 2936 aliernis
664 2871 795 2935 vocibus
820 2869 915 2934 ardor
937 2871 1012 2933 erat.

268 2955 331 3022 Sed
354 2956 503 3040 quoniam
524 2977 591 3020 non
613 2977 646 3020 es
667 2955 786 3021 veribus
809 2954 998 3019 concredere
1019 2951 1126 3036 nobis,

309 3042 429 3126 Accipe
453 3041 631 3106 conmissae
652 3062 784 3104 munera
806 3039 963 3103 laeliliae:

267 3123 345 3190 Non
367 3127 471 3189 solum
492 3129 614 3190 vestros
638 3125 734 3189 didici
754 3123 887 3188 reticere
910 3123 1045 3204 dolores,

309 3207 370 3272 Est
391 3211 540 3292 quiddam
561 3211 596 3273 in
617 3210 711 3273 nobis
732 3207 843 3292 maius,
866 3208 977 3289 amice,
999 3205 1071 3274 fide.

238 3290 407 3356 crossum
428 3315 488 3389 ego
505 3295 646 3358 diversos
668 3294 783 3358 iterum
804 3293 998 3376 coniungere
1013 3291 1167 3373 amandes,

310 3374 354 3437 Er
375 3375 523 3439 dommac
545 3379 652 3442 tardas
674 3398 804 3461 possum
827 3377 948 3461 aperire
970 3375 1065 3458 fores,

267 3455 312 3523 Et
357 3478 464 3520 ossum
487 3460 616 3538 alterius
639 3483 729 3525 curas
751 3483 864 3525 sanare
884 3462 1038 3541 recentes,

344 3561 379 3605 ec
400 3540 478 3605 levis
501 3542 536 3605 in
556 3545 662 3608 verbis
685 3547 734 3609 est
754 3545 912 3610 medicina
932 3542 1023 3607 meis.
