2486 4010
238 668 399 769 SEX.
433 671 892 774 PROPERTII

407 856 718 936 nnnunnvn

337 1043 498 1106 LIBER
529 1047 785 1114 QVAZRTVS.
987 1049 1044 1111 111.

548 1265 577 1342 Ι.

66 1379 275 1462 Callimachi
297 1395 408 1462 Manes
431 1399 464 1460 et
485 1394 545 1462 Coi
567 1419 655 1464 sacra
676 1399 835 1482 Philotae,

112 1479 159 1543 In
185 1483 339 1563 vestrum,
363 1501 495 1565 quaese,
516 1503 568 1545 me
590 1483 686 1547 sinite
708 1485 755 1548 ire
775 1507 897 1549 nemus,

68 1563 208 1628 Primus
231 1586 292 1649 ego
314 1565 478 1650 ingredior
497 1587 578 1661 puro
601 1567 639 1630 de
661 1567 750 1631 fonte
773 1569 919 1632 sacerdos

115 1647 207 1712 Itala
227 1671 285 1732 per
307 1648 420 1714 Graios
441 1671 532 1734 orgia
552 1650 634 1714 ferre
657 1649 781 1715 choros.

69 1731 203 1814 Dicite,
225 1755 288 1817 quo
310 1735 430 1817 pariter
452 1755 580 1800 carmen
600 1735 756 1799 tenuastis
778 1735 813 1799 in
835 1735 950 1800 antro?
1029 1750 1046 1798 5

118 1816 234 1892 Quove
256 1817 336 1900 pede
358 1818 517 1904 ingrcssi?
540 1839 673 1903 quamve
695 1819 821 1883 bibistis
844 1820 981 1904 aquam?

71 1903 105 1964 A
125 1901 253 1985 -valeat,
276 1901 441 1967 Phoebum
462 1903 651 1986 quicumque
673 1908 815 1969 moratur
835 1905 870 1968 in
892 1905 1003 1968 armis!

117 1985 265 2050 Exactus
286 1988 375 2052 tenui
397 1989 522 2071 pumice
544 2010 653 2053 versus
676 1992 741 2072 eat,

74 2070 152 2144 Quo
176 2091 227 2134 me
249 2069 347 2136 Fama
367 2072 452 2136 levat
471 2075 558 2136 terra
579 2073 740 2157 sublimis,
764 2075 796 2136 et
818 2095 837 2136 a
858 2095 908 2137 me

119 2153 212 2219 Nata
234 2155 393 2221 coronatis
416 2155 509 2220 Musa
530 2156 707 2238 triumphat
728 2157 832 2241 equis,
1016 2171 1049 2220 10

75 2239 123 2305 Et
145 2261 273 2304 mecum
294 2240 329 2304 in
351 2262 445 2305 curru
469 2241 560 2325 parvi
581 2244 751 2306 vectantur
768 2242 903 2307 Amores
910 2293 920 2327 ,

122 2323 386 2408 Scriptorumque
407 2347 493 2389 meas
514 2325 608 2390 turba
630 2329 738 2390 secuta
758 2331 856 2393 rotas

79 2408 168 2484 Quid
188 2409 308 2473 frustra
328 2409 435 2474 missis
456 2410 492 2472 in
513 2431 564 2476 me
587 2411 715 2476 certatis
736 2410 893 2478 habenis?

122 2491 203 2558 Non
224 2493 317 2558 datur
338 2493 378 2557 ad
400 2493 509 2558 Musas
531 2516 657 2560 currere
679 2497 824 2562 lata‘via.

80 2577 195 2659 Multi,
217 2577 336 2661 Roma,
358 2581 429 2642 tuas
451 2579 559 2643 laudes
582 2581 751 2644 annalibus
776 2581 906 2661 addent,
1016 2592 1048 2641 15

125 2661 188 2736 Qui
210 2663 307 2727 finem
329 2662 455 2746 imperii
476 2663 592 2726 Bactra
612 2664 719 2726 futura
741 2667 865 2727 canent.

82 2745 162 2830 Sed,
178 2747 264 2830 quod
278 2769 355 2831 pace
371 2748 475 2832 legas,
491 2768 570 2829 opus
585 2745 647 2810 hoe
662 2746 700 2810 de
715 2749 824 2810 monte
840 2765 984 2810 sororum

125 2829 252 2896 Detulit
271 2833 392 2897 intacta
412 2854 433 2915 p
480 2829 532 2895 'na
552 2835 665 2894 nostra
686 2831 748 2895 via.

81 2915 212 2999 Mollia,
233 2915 422 3002 PegasideS,
436 2853 518 2979 fl{ite
538 2918 644 2980 vestro
668 2919 752 2980 serta
772 2919 899 2999 poetae:

125 2998 203 3064 Non
224 3001 322 3064 faciet
342 3000 440 3097 capiti
462 3000 540 3064 dura
562 3021 680 3064 corona
700 3021 782 3064 meo.
1015 3012 1049 3060 20

81 3085 130 3149 At
150 3083 232 3148 mihi
253 3085 338 3168 quod
359 3105 431 3150 vivo
454 3084 626 3148 detraxerit
646 3084 754 3147 invida
774 3083 884 3165 turba,

2 3207 3 3216 κ
126 3168 206 3233 Post
227 3168 350 3233 obitum
372 3169 491 3252 duplici
512 3168 622 3232 fenore
643 3167 755 3232 reddet
774 3166 896 3233 Honos.

84 3253 202 3318 Omnia
222 3256 298 3337 post
319 3253 442 3318 obitum
463 3251 558 3338 fingit
578 3253 700 3316 maiora
720 3256 876 3336 vetustas,

126 3335 232 3400 Maius
254 3338 294 3402 ab
317 3337 457 3421 exequiis
482 3358 601 3402 nomen
621 3337 657 3400 in
679 3357 735 3400 ora
755 3337 853 3402 venit.

127 3503 337 3592 Flummaque
393 3508 538 3572 aemonio
561 3527 706 3574 commus
728 3507 790 3573 isse
812 3507 898 3590 viro,

2 3401 5 3542 l
81 3421 169 3488 Nam
192 3423 261 3518 quis
284 3444 364 3506 equo
409 3421 494 3486 ulsas
517 3422 652 3519 abiegna
674 3430 822 3487 nosceret
843 3443 945 3503 arces,
1016 3431 1049 3482 2⁵

2 3611 4 3698 ἰ

2 3741 16 3917 ι’

2 3925 4 3958 l
