<?xml version="1.0" encoding="UTF-8"?>
<!DOCTYPE html PUBLIC "-//W3C//DTD XHTML 1.0 Transitional//EN"
    "http://www.w3.org/TR/xhtml1/DTD/xhtml1-transitional.dtd">
<html xmlns="http://www.w3.org/1999/xhtml" xml:lang="en" lang="en">
 <head>
  <title>
</title>
<meta http-equiv="Content-Type" content="text/html;charset=utf-8" />
  <meta name='ocr-system' content='tesseract 3.04.00' />
  <meta name='ocr-capabilities' content='ocr_page ocr_carea ocr_par ocr_line ocrx_word'/>
</head>
<body>
  <div class='ocr_page' id='page_1' title='image "./catvllitibvllip00priagoog_0025.png"; bbox 0 0 2444 4056; ppageno 0'>
   <div class='ocr_carea' id='block_1_1' title="bbox 436 192 1020 252">
    <p class='ocr_par' dir='ltr' id='par_1_1' title="bbox 436 192 1020 252">
     <span class='ocr_line' id='line_1_1' title="bbox 436 192 1020 252; baseline 0.007 -4"><span class='ocrx_word' id='word_1_1' title='bbox 436 192 644 250; x_wconf 76' lang='lat' dir='ltr'><strong>PRAEFATIO.</strong></span> <span class='ocrx_word' id='word_1_2' title='bbox 981 203 1020 252; x_wconf 89' lang='lat' dir='ltr'>x1</span> 
     </span>
    </p>
   </div>
   <div class='ocr_carea' id='block_1_2' title="bbox 53 325 1021 435">
    <p class='ocr_par' dir='ltr' id='par_1_2' title="bbox 53 325 1021 435">
     <span class='ocr_line' id='line_1_2' title="bbox 53 325 1021 435; baseline -0.002 -15"><span class='ocrx_word' id='word_1_3' title='bbox 53 359 213 420; x_wconf 90' lang='lat' dir='ltr'>commodo</span> <span class='ocrx_word' id='word_1_4' title='bbox 235 358 353 418; x_wconf 80' lang='lat' dir='ltr'>obviam</span> <span class='ocrx_word' id='word_1_5' title='bbox 373 360 413 420; x_wconf 93' lang='lat' dir='ltr'>iit</span> <span class='ocrx_word' id='word_1_6' title='bbox 430 360 652 432; x_wconf 75' lang='lat' dir='ltr'>bethmannus,</span> <span class='ocrx_word' id='word_1_7' title='bbox 678 360 715 419; x_wconf 88' lang='lat' dir='ltr'>de</span> <span class='ocrx_word' id='word_1_8' title='bbox 739 325 905 420; x_wconf 72' lang='lat' dir='ltr'>ouiusiam</span> <span class='ocrx_word' id='word_1_9' title='bbox 930 378 1021 435; x_wconf 85' lang='lat' dir='ltr'>supra</span> 
     </span>
    </p>
   </div>
   <div class='ocr_carea' id='block_1_3' title="bbox 3 442 1097 3530">
    <p class='ocr_par' dir='ltr' id='par_1_3' title="bbox 3 442 1097 3530">
     <span class='ocr_line' id='line_1_3' title="bbox 53 442 1019 520; baseline 0 -18"><span class='ocrx_word' id='word_1_10' title='bbox 53 443 222 502; x_wconf 74' lang='lat' dir='ltr'><strong>memoravi</strong></span> <span class='ocrx_word' id='word_1_11' title='bbox 241 442 382 504; x_wconf 86' lang='lat' dir='ltr'>editione.</span> <span class='ocrx_word' id='word_1_12' title='bbox 411 443 442 502; x_wconf 85' lang='lat' dir='ltr'>Is</span> <span class='ocrx_word' id='word_1_13' title='bbox 457 461 493 502; x_wconf 89' lang='lat' dir='ltr'>cx</span> <span class='ocrx_word' id='word_1_14' title='bbox 513 444 656 502; x_wconf 88' lang='lat' dir='ltr'>immenso</span> <span class='ocrx_word' id='word_1_15' title='bbox 672 448 814 520; x_wconf 89' lang='lat' dir='ltr'>apparatu</span> <span class='ocrx_word' id='word_1_16' title='bbox 828 463 917 520; x_wconf 90' lang='lat' dir='ltr'>quem</span> <span class='ocrx_word' id='word_1_17' title='bbox 931 445 1019 503; x_wconf 88' lang='lat' dir='ltr'>colle·</span> 
     </span>
     <span class='ocr_line' id='line_1_4' title="bbox 53 525 1020 602; baseline -0.001 -15"><span class='ocrx_word' id='word_1_18' title='bbox 53 533 139 587; x_wconf 85' lang='lat' dir='ltr'>ctum</span> <span class='ocrx_word' id='word_1_19' title='bbox 160 547 177 584; x_wconf 97' lang='lat' dir='ltr'>a</span> <span class='ocrx_word' id='word_1_20' title='bbox 195 525 358 586; x_wconf 86' lang='lat' dir='ltr'>Laurentio</span> <span class='ocrx_word' id='word_1_21' title='bbox 375 526 526 600; x_wconf 84' lang='lat' dir='ltr'>Santeuio,</span> <span class='ocrx_word' id='word_1_22' title='bbox 547 528 598 602; x_wconf 90' lang='lat' dir='ltr'>qui</span> <span class='ocrx_word' id='word_1_23' title='bbox 618 527 696 586; x_wconf 89' lang='lat' dir='ltr'>eirca</span> <span class='ocrx_word' id='word_1_24' title='bbox 708 529 798 586; x_wconf 90' lang='lat' dir='ltr'>finem</span> <span class='ocrx_word' id='word_1_25' title='bbox 812 528 921 588; x_wconf 86' lang='lat' dir='ltr'>saeculi</span> <span class='ocrx_word' id='word_1_26' title='bbox 934 545 1020 602; x_wconf 89' lang='lat' dir='ltr'>supe·</span> 
     </span>
     <span class='ocr_line' id='line_1_5' title="bbox 53 609 1020 686; baseline 0 -16"><span class='ocrx_word' id='word_1_27' title='bbox 53 611 147 670; x_wconf 84' lang='lat' dir='ltr'>rioris</span> <span class='ocrx_word' id='word_1_28' title='bbox 166 609 354 686; x_wconf 87' lang='lat' dir='ltr'>iniquissimo</span> <span class='ocrx_word' id='word_1_29' title='bbox 374 613 508 685; x_wconf 85' lang='lat' dir='ltr'>tempora</span> <span class='ocrx_word' id='word_1_30' title='bbox 527 611 667 670; x_wconf 87' lang='lat' dir='ltr'>Heinsios</span> <span class='ocrx_word' id='word_1_31' title='bbox 687 613 718 669; x_wconf 88' lang='lat' dir='ltr'>et</span> <span class='ocrx_word' id='word_1_32' title='bbox 731 611 933 671; x_wconf 87' lang='lat' dir='ltr'>Broukhnsios</span> <span class='ocrx_word' id='word_1_33' title='bbox 947 629 1020 685; x_wconf 77' lang='lat' dir='ltr'>,pro-</span> 
     </span>
     <span class='ocr_line' id='line_1_6' title="bbox 12 693 1019 770; baseline 0.002 -18"><span class='ocrx_word' id='word_1_34' title='bbox 12 761 14 763; x_wconf 74' lang='lat'>.</span> <span class='ocrx_word' id='word_1_35' title='bbox 53 695 124 770; x_wconf 89' lang='lat' dir='ltr'>pria</span> <span class='ocrx_word' id='word_1_36' title='bbox 144 694 309 754; x_wconf 78' lang='lat' dir='ltr'><strong>aemulatus</strong></span> <span class='ocrx_word' id='word_1_37' title='bbox 329 697 394 752; x_wconf 85' lang='lat' dir='ltr'>erat</span> <span class='ocrx_word' id='word_1_38' title='bbox 413 693 568 766; x_wconf 89' lang='lat' dir='ltr'>industria,</span> <span class='ocrx_word' id='word_1_39' title='bbox 584 695 765 754; x_wconf 76' lang='lat' dir='ltr'>bibliotheca</span> <span class='ocrx_word' id='word_1_40' title='bbox 783 695 916 770; x_wconf 89' lang='lat' dir='ltr'>possidet</span> <span class='ocrx_word' id='word_1_41' title='bbox 929 694 1019 754; x_wconf 89' lang='lat' dir='ltr'>Bero-</span> 
     </span>
     <span class='ocr_line' id='line_1_7' title="bbox 54 777 1021 852; baseline 0 -16"><span class='ocrx_word' id='word_1_42' title='bbox 54 777 181 839; x_wconf 89' lang='lat' dir='ltr'>linensis</span> <span class='ocrx_word' id='word_1_43' title='bbox 208 777 300 852; x_wconf 81' lang='lat' dir='ltr'>elegit</span> <span class='ocrx_word' id='word_1_44' title='bbox 321 779 356 836; x_wconf 90' lang='lat' dir='ltr'>ut</span> <span class='ocrx_word' id='word_1_45' title='bbox 375 777 504 836; x_wconf 88' lang='lat' dir='ltr'>sincerae</span> <span class='ocrx_word' id='word_1_46' title='bbox 530 778 665 837; x_wconf 88' lang='lat' dir='ltr'>lectionis</span> <span class='ocrx_word' id='word_1_47' title='bbox 690 781 783 838; x_wconf 84' lang='lat' dir='ltr'>testes</span> <span class='ocrx_word' id='word_1_48' title='bbox 807 777 965 836; x_wconf 88' lang='lat' dir='ltr'>fidissimos</span> <span class='ocrx_word' id='word_1_49' title='bbox 989 781 1021 836; x_wconf 89' lang='lat' dir='ltr'>et</span> 
     </span>
     <span class='ocr_line' id='line_1_8' title="bbox 5 855 1097 937; baseline -0.002 -17"><span class='ocrx_word' id='word_1_50' title='bbox 5 877 8 879; x_wconf 69' lang='grc'><strong><em>’</em></strong></span> <span class='ocrx_word' id='word_1_51' title='bbox 54 881 126 920; x_wconf 89' lang='lat' dir='ltr'>cum</span> <span class='ocrx_word' id='word_1_52' title='bbox 147 878 273 936; x_wconf 88' lang='lat' dir='ltr'>quorum</span> <span class='ocrx_word' id='word_1_53' title='bbox 292 861 437 920; x_wconf 88' lang='lat' dir='ltr'>alterutro</span> <span class='ocrx_word' id='word_1_54' title='bbox 459 861 530 920; x_wconf 81' lang='lat' dir='ltr'>libri</span> <span class='ocrx_word' id='word_1_55' title='bbox 550 879 612 922; x_wconf 90' lang='lat' dir='ltr'>non</span> <span class='ocrx_word' id='word_1_56' title='bbox 630 861 803 937; x_wconf 87' lang='lat' dir='ltr'>interpolati</span> <span class='ocrx_word' id='word_1_57' title='bbox 823 861 933 936; x_wconf 89' lang='lat' dir='ltr'>ubique</span> <span class='ocrx_word' id='word_1_58' title='bbox 952 879 1020 919; x_wconf 87' lang='lat' dir='ltr'>con-</span> <span class='ocrx_word' id='word_1_59' title='bbox 1092 855 1097 864; x_wconf 91' lang='grc'><strong>’</strong></span> 
     </span>
     <span class='ocr_line' id='line_1_9' title="bbox 54 943 1020 1019; baseline -0.002 -15"><span class='ocrx_word' id='word_1_60' title='bbox 54 944 204 1004; x_wconf 87' lang='lat' dir='ltr'>sentirent</span> <span class='ocrx_word' id='word_1_61' title='bbox 231 943 346 1003; x_wconf 89' lang='lat' dir='ltr'>codices</span> <span class='ocrx_word' id='word_1_62' title='bbox 371 963 446 1019; x_wconf 91' lang='lat' dir='ltr'>quos</span> <span class='ocrx_word' id='word_1_63' title='bbox 470 946 588 1004; x_wconf 70' lang='lat' dir='ltr'>vocavit</span> <span class='ocrx_word' id='word_1_64' title='bbox 612 944 846 1004; x_wconf 78' lang='lat' dir='ltr'>Lamentianum</span> <span class='ocrx_word' id='word_1_65' title='bbox 872 948 903 1003; x_wconf 90' lang='lat' dir='ltr'>et</span> <span class='ocrx_word' id='word_1_66' title='bbox 930 945 1020 1003; x_wconf 86' lang='lat' dir='ltr'>Data·</span> 
     </span>
     <span class='ocr_line' id='line_1_10' title="bbox 54 1027 1021 1102; baseline -0.003 -14"><span class='ocrx_word' id='word_1_67' title='bbox 54 1048 140 1088; x_wconf 89' lang='lat' dir='ltr'>num.</span> <span class='ocrx_word' id='word_1_68' title='bbox 170 1028 249 1099; x_wconf 86' lang='lat' dir='ltr'>Quae</span> <span class='ocrx_word' id='word_1_69' title='bbox 271 1045 320 1088; x_wconf 90' lang='lat' dir='ltr'>res</span> <span class='ocrx_word' id='word_1_70' title='bbox 339 1031 484 1102; x_wconf 86' lang='lat' dir='ltr'>quantum</span> <span class='ocrx_word' id='word_1_71' title='bbox 504 1029 650 1088; x_wconf 88' lang='lat' dir='ltr'>commodi</span> <span class='ocrx_word' id='word_1_72' title='bbox 670 1030 806 1088; x_wconf 88' lang='lat' dir='ltr'>attulerit</span> <span class='ocrx_word' id='word_1_73' title='bbox 820 1027 938 1088; x_wconf 74' lang='lat' dir='ltr'>cauno</span> <span class='ocrx_word' id='word_1_74' title='bbox 961 1027 1021 1086; x_wconf 89' lang='lat' dir='ltr'>dici</span> 
     </span>
     <span class='ocr_line' id='line_1_11' title="bbox 54 1109 1020 1186; baseline 0 -16"><span class='ocrx_word' id='word_1_75' title='bbox 54 1113 107 1170; x_wconf 80' lang='lat' dir='ltr'>vix</span> <span class='ocrx_word' id='word_1_76' title='bbox 128 1114 237 1186; x_wconf 90' lang='lat' dir='ltr'>potest.</span> <span class='ocrx_word' id='word_1_77' title='bbox 280 1109 358 1168; x_wconf 89' lang='lat' dir='ltr'>Nam</span> <span class='ocrx_word' id='word_1_78' title='bbox 380 1113 436 1170; x_wconf 87' lang='lat' dir='ltr'>etsi</span> <span class='ocrx_word' id='word_1_79' title='bbox 458 1129 513 1171; x_wconf 88' lang='lat' dir='ltr'>nec</span> <span class='ocrx_word' id='word_1_80' title='bbox 533 1111 742 1172; x_wconf 81' lang='lat' dir='ltr'>Germanensis</span> <span class='ocrx_word' id='word_1_81' title='bbox 762 1112 833 1172; x_wconf 90' lang='lat' dir='ltr'>libri</span> <span class='ocrx_word' id='word_1_82' title='bbox 858 1113 1020 1171; x_wconf 86' lang='lat' dir='ltr'>lectionum</span> 
     </span>
     <span class='ocr_line' id='line_1_12' title="bbox 54 1189 1020 1271; baseline 0 -17"><span class='ocrx_word' id='word_1_83' title='bbox 54 1197 153 1254; x_wconf 88' lang='lat' dir='ltr'>ullam</span> <span class='ocrx_word' id='word_1_84' title='bbox 172 1193 277 1253; x_wconf 89' lang='lat' dir='ltr'>habuit</span> <span class='ocrx_word' id='word_1_85' title='bbox 297 1195 437 1254; x_wconf 76' lang='lat' dir='ltr'>notitiam</span> <span class='ocrx_word' id='word_1_86' title='bbox 451 1194 666 1270; x_wconf 84' lang='lat' dir='ltr'>Lachmannus,</span> <span class='ocrx_word' id='word_1_87' title='bbox 687 1200 718 1258; x_wconf 90' lang='lat' dir='ltr'>et</span> <span class='ocrx_word' id='word_1_88' title='bbox 732 1195 890 1271; x_wconf 89' lang='lat' dir='ltr'>aliquando</span> <span class='ocrx_word' id='word_1_89' title='bbox 903 1189 1020 1254; x_wconf 77' lang='lat' dir='ltr'>Datano</span> 
     </span>
     <span class='ocr_line' id='line_1_13' title="bbox 55 1278 1021 1354; baseline 0.002 -18"><span class='ocrx_word' id='word_1_90' title='bbox 55 1278 167 1336; x_wconf 88' lang='lat' dir='ltr'>tribuit</span> <span class='ocrx_word' id='word_1_91' title='bbox 187 1279 328 1351; x_wconf 89' lang='lat' dir='ltr'>nimium,</span> <span class='ocrx_word' id='word_1_92' title='bbox 349 1297 385 1338; x_wconf 91' lang='lat' dir='ltr'>ea</span> <span class='ocrx_word' id='word_1_93' title='bbox 404 1282 505 1338; x_wconf 72' lang='lat' dir='ltr'>tamur</span> <span class='ocrx_word' id='word_1_94' title='bbox 524 1280 701 1340; x_wconf 71' lang='lat' dir='ltr'>dexteritate</span> <span class='ocrx_word' id='word_1_95' title='bbox 719 1281 751 1338; x_wconf 92' lang='lat' dir='ltr'>in</span> <span class='ocrx_word' id='word_1_96' title='bbox 766 1280 932 1354; x_wconf 81' lang='lat' dir='ltr'>deligendis</span> <span class='ocrx_word' id='word_1_97' title='bbox 946 1297 1021 1354; x_wconf 88' lang='lat' dir='ltr'>quos</span> 
     </span>
     <span class='ocr_line' id='line_1_14' title="bbox 59 1361 1021 1438; baseline -0.003 -16"><span class='ocrx_word' id='word_1_98' title='bbox 59 1365 236 1437; x_wconf 83' lang='lat' dir='ltr'>sequeretur</span> <span class='ocrx_word' id='word_1_99' title='bbox 255 1362 406 1422; x_wconf 79' lang='lat' dir='ltr'>codicibus</span> <span class='ocrx_word' id='word_1_100' title='bbox 426 1363 493 1436; x_wconf 85' lang='lat' dir='ltr'>fuit,</span> <span class='ocrx_word' id='word_1_101' title='bbox 513 1366 614 1438; x_wconf 78' lang='lat' dir='ltr'>paucis</span> <span class='ocrx_word' id='word_1_102' title='bbox 629 1366 663 1423; x_wconf 89' lang='lat' dir='ltr'>ut</span> <span class='ocrx_word' id='word_1_103' title='bbox 676 1365 749 1424; x_wconf 90' lang='lat' dir='ltr'>locis</span> <span class='ocrx_word' id='word_1_104' title='bbox 764 1364 894 1437; x_wconf 88' lang='lat' dir='ltr'>exceptis</span> <span class='ocrx_word' id='word_1_105' title='bbox 909 1361 1021 1422; x_wconf 82' lang='lat' dir='ltr'>Catulli</span> 
     </span>
     <span class='ocr_line' id='line_1_15' title="bbox 58 1446 1021 1524; baseline -0.004 -18"><span class='ocrx_word' id='word_1_106' title='bbox 58 1447 209 1520; x_wconf 85' lang='lat' dir='ltr'>scriptura</span> <span class='ocrx_word' id='word_1_107' title='bbox 228 1464 263 1503; x_wconf 90' lang='lat' dir='ltr'>ea</span> <span class='ocrx_word' id='word_1_108' title='bbox 284 1465 360 1520; x_wconf 84' lang='lat' dir='ltr'>quae</span> <span class='ocrx_word' id='word_1_109' title='bbox 380 1446 478 1506; x_wconf 88' lang='lat' dir='ltr'>fuerat</span> <span class='ocrx_word' id='word_1_110' title='bbox 496 1448 528 1506; x_wconf 91' lang='lat' dir='ltr'>in</span> <span class='ocrx_word' id='word_1_111' title='bbox 547 1449 706 1524; x_wconf 84' lang='lat' dir='ltr'>archetypo</span> <span class='ocrx_word' id='word_1_112' title='bbox 722 1447 887 1506; x_wconf 86' lang='lat' dir='ltr'>Veronensi</span> <span class='ocrx_word' id='word_1_113' title='bbox 900 1463 1021 1520; x_wconf 90' lang='lat' dir='ltr'>recupe-</span> 
     </span>
     <span class='ocr_line' id='line_1_16' title="bbox 58 1529 1021 1608; baseline -0.003 -20"><span class='ocrx_word' id='word_1_114' title='bbox 58 1533 186 1602; x_wconf 88' lang='lat' dir='ltr'>raretur,</span> <span class='ocrx_word' id='word_1_115' title='bbox 198 1529 276 1591; x_wconf 88' lang='lat' dir='ltr'>unde</span> <span class='ocrx_word' id='word_1_116' title='bbox 286 1531 347 1588; x_wconf 88' lang='lat' dir='ltr'>iam</span> <span class='ocrx_word' id='word_1_117' title='bbox 359 1548 426 1588; x_wconf 88' lang='lat' dir='ltr'>cum</span> <span class='ocrx_word' id='word_1_118' title='bbox 437 1531 592 1590; x_wconf 87' lang='lat' dir='ltr'>commodo</span> <span class='ocrx_word' id='word_1_119' title='bbox 603 1535 704 1608; x_wconf 83' lang='lat' dir='ltr'>posset</span> <span class='ocrx_word' id='word_1_120' title='bbox 713 1532 893 1606; x_wconf 88' lang='lat' dir='ltr'>principium</span> <span class='ocrx_word' id='word_1_121' title='bbox 903 1545 1021 1589; x_wconf 86' lang='lat' dir='ltr'>sumere</span> 
     </span>
     <span class='ocr_line' id='line_1_17' title="bbox 58 1611 1020 1689; baseline -0.004 -17"><span class='ocrx_word' id='word_1_122' title='bbox 58 1614 157 1676; x_wconf 83' lang='lat' dir='ltr'>omnis</span> <span class='ocrx_word' id='word_1_123' title='bbox 178 1612 354 1672; x_wconf 89' lang='lat' dir='ltr'>emendandi</span> <span class='ocrx_word' id='word_1_124' title='bbox 372 1615 566 1689; x_wconf 72' lang='lat' dir='ltr'>probabilitas</span> <span class='ocrx_word' id='word_1_125' title='bbox 586 1634 619 1674; x_wconf 90' lang='lat' dir='ltr'>ac</span> <span class='ocrx_word' id='word_1_126' title='bbox 638 1616 725 1674; x_wconf 88' lang='lat' dir='ltr'>ratio.</span> <span class='ocrx_word' id='word_1_127' title='bbox 760 1615 834 1674; x_wconf 87' lang='lat' dir='ltr'>Post</span> <span class='ocrx_word' id='word_1_128' title='bbox 847 1614 925 1672; x_wconf 88' lang='lat' dir='ltr'>hunc</span> <span class='ocrx_word' id='word_1_129' title='bbox 944 1611 1020 1670; x_wconf 90' lang='lat' dir='ltr'>mul-</span> 
     </span>
     <span class='ocr_line' id='line_1_18' title="bbox 3 1695 1022 1773; baseline -0.005 -17"><span class='ocrx_word' id='word_1_130' title='bbox 3 1715 5 1719; x_wconf 73' lang='grc'>’</span> <span class='ocrx_word' id='word_1_131' title='bbox 59 1701 127 1756; x_wconf 91' lang='lat' dir='ltr'>tum</span> <span class='ocrx_word' id='word_1_132' title='bbox 141 1697 255 1772; x_wconf 88' lang='lat' dir='ltr'>profuit</span> <span class='ocrx_word' id='word_1_133' title='bbox 270 1695 387 1756; x_wconf 83' lang='lat' dir='ltr'>Catullo</span> <span class='ocrx_word' id='word_1_134' title='bbox 402 1697 560 1773; x_wconf 87' lang='lat' dir='ltr'>Hauptius,</span> <span class='ocrx_word' id='word_1_135' title='bbox 576 1699 613 1757; x_wconf 92' lang='lat' dir='ltr'>de</span> <span class='ocrx_word' id='word_1_136' title='bbox 628 1698 791 1773; x_wconf 83' lang='lat' dir='ltr'>quostiam</span> <span class='ocrx_word' id='word_1_137' title='bbox 805 1697 942 1756; x_wconf 85' lang='lat' dir='ltr'>diximus.</span> <span class='ocrx_word' id='word_1_138' title='bbox 956 1696 1022 1752; x_wconf 87' lang='lat' dir='ltr'>Hoc</span> 
     </span>
     <span class='ocr_line' id='line_1_19' title="bbox 7 1780 1022 1853; baseline -0.006 -14"><span class='ocrx_word' id='word_1_139' title='bbox 7 1797 10 1800; x_wconf 88' lang='grc'><em>·</em></span> <span class='ocrx_word' id='word_1_140' title='bbox 58 1781 109 1839; x_wconf 83' lang='lat' dir='ltr'>vix</span> <span class='ocrx_word' id='word_1_141' title='bbox 128 1781 275 1840; x_wconf 83' lang='lat' dir='ltr'>minorem</span> <span class='ocrx_word' id='word_1_142' title='bbox 293 1781 413 1842; x_wconf 87' lang='lat' dir='ltr'>laudem</span> <span class='ocrx_word' id='word_1_143' title='bbox 433 1783 543 1840; x_wconf 88' lang='lat' dir='ltr'>meruit</span> <span class='ocrx_word' id='word_1_144' title='bbox 563 1780 747 1851; x_wconf 85' lang='lat' dir='ltr'>Schwahius,</span> <span class='ocrx_word' id='word_1_145' title='bbox 772 1781 824 1853; x_wconf 91' lang='lat' dir='ltr'>qui</span> <span class='ocrx_word' id='word_1_146' title='bbox 843 1795 1022 1852; x_wconf 89' lang='lat' dir='ltr'>quamquam</span> 
     </span>
     <span class='ocr_line' id='line_1_20' title="bbox 58 1859 1022 1939; baseline -0.005 -18"><span class='ocrx_word' id='word_1_147' title='bbox 58 1865 125 1939; x_wconf 89' lang='lat' dir='ltr'>ipsa</span> <span class='ocrx_word' id='word_1_148' title='bbox 145 1882 239 1938; x_wconf 88' lang='lat' dir='ltr'>pauca</span> <span class='ocrx_word' id='word_1_149' title='bbox 256 1866 380 1924; x_wconf 79' lang='lat' dir='ltr'>novavit</span> <span class='ocrx_word' id='word_1_150' title='bbox 398 1865 432 1924; x_wconf 91' lang='lat' dir='ltr'>in</span> <span class='ocrx_word' id='word_1_151' title='bbox 457 1864 555 1923; x_wconf 89' lang='lat' dir='ltr'>verbis</span> <span class='ocrx_word' id='word_1_152' title='bbox 581 1867 700 1938; x_wconf 88' lang='lat' dir='ltr'>poetae,</span> <span class='ocrx_word' id='word_1_153' title='bbox 726 1863 855 1920; x_wconf 89' lang='lat' dir='ltr'>multum</span> <span class='ocrx_word' id='word_1_154' title='bbox 874 1863 975 1918; x_wconf 64' lang='lat' dir='ltr'>umen</span> <span class='ocrx_word' id='word_1_155' title='bbox 994 1859 1022 1916; x_wconf 90' lang='lat' dir='ltr'>ei</span> 
     </span>
     <span class='ocr_line' id='line_1_21' title="bbox 60 1944 1022 2023; baseline -0.004 -18"><span class='ocrx_word' id='word_1_156' title='bbox 60 1947 246 2023; x_wconf 80' lang='lat' dir='ltr'>praestitisse</span> <span class='ocrx_word' id='word_1_157' title='bbox 266 1947 430 2008; x_wconf 89' lang='lat' dir='ltr'>censendus</span> <span class='ocrx_word' id='word_1_158' title='bbox 450 1951 505 2007; x_wconf 89' lang='lat' dir='ltr'>est.</span> <span class='ocrx_word' id='word_1_159' title='bbox 547 1947 682 2006; x_wconf 89' lang='lat' dir='ltr'>Primum</span> <span class='ocrx_word' id='word_1_160' title='bbox 702 1947 782 2005; x_wconf 89' lang='lat' dir='ltr'>anim</span> <span class='ocrx_word' id='word_1_161' title='bbox 801 1944 1022 2021; x_wconf 80' lang='lat' dir='ltr'>quaestionibus</span> 
     </span>
     <span class='ocr_line' id='line_1_22' title="bbox 62 2026 1022 2111; baseline -0.005 -21"><span class='ocrx_word' id='word_1_162' title='bbox 62 2031 241 2111; x_wconf 85' lang='lat' dir='ltr'>Catulliauis</span> <span class='ocrx_word' id='word_1_163' title='bbox 258 2051 284 2090; x_wconf 88' lang='lat' dir='ltr'>a.</span> <span class='ocrx_word' id='word_1_164' title='bbox 302 2033 383 2090; x_wconf 82' lang='lat'>1862</span> <span class='ocrx_word' id='word_1_165' title='bbox 405 2031 492 2090; x_wconf 88' lang='lat' dir='ltr'>editis</span> <span class='ocrx_word' id='word_1_166' title='bbox 507 2051 581 2106; x_wconf 90' lang='lat' dir='ltr'>quae</span> <span class='ocrx_word' id='word_1_167' title='bbox 596 2032 659 2090; x_wconf 84' lang='lat' dir='ltr'>fere</span> <span class='ocrx_word' id='word_1_168' title='bbox 673 2031 710 2089; x_wconf 93' lang='lat' dir='ltr'>de</span> <span class='ocrx_word' id='word_1_169' title='bbox 724 2031 787 2090; x_wconf 86' lang='lat' dir='ltr'>vita</span> <span class='ocrx_word' id='word_1_170' title='bbox 801 2033 832 2088; x_wconf 91' lang='lat' dir='ltr'>et</span> <span class='ocrx_word' id='word_1_171' title='bbox 846 2028 952 2088; x_wconf 90' lang='lat' dir='ltr'>studiis</span> <span class='ocrx_word' id='word_1_172' title='bbox 968 2026 1022 2087; x_wconf 83' lang='lat' dir='ltr'>Oa·</span> 
     </span>
     <span class='ocr_line' id='line_1_23' title="bbox 61 2111 1023 2190; baseline -0.004 -18"><span class='ocrx_word' id='word_1_173' title='bbox 61 2115 132 2172; x_wconf 90' lang='lat' dir='ltr'>tulli</span> <span class='ocrx_word' id='word_1_174' title='bbox 145 2115 261 2174; x_wconf 87' lang='lat' dir='ltr'>ratione</span> <span class='ocrx_word' id='word_1_175' title='bbox 282 2118 314 2173; x_wconf 90' lang='grc'>61</span> <span class='ocrx_word' id='word_1_176' title='bbox 327 2115 436 2174; x_wconf 85' lang='lat' dir='ltr'>iudicio</span> <span class='ocrx_word' id='word_1_177' title='bbox 450 2115 589 2176; x_wconf 86' lang='lat' dir='ltr'>adhibitis</span> <span class='ocrx_word' id='word_1_178' title='bbox 603 2116 726 2190; x_wconf 90' lang='lat' dir='ltr'>possent</span> <span class='ocrx_word' id='word_1_179' title='bbox 739 2113 879 2190; x_wconf 87' lang='lat' dir='ltr'>expediri,</span> <span class='ocrx_word' id='word_1_180' title='bbox 895 2111 1023 2170; x_wconf 84' lang='lat' dir='ltr'>feliciter</span> 
     </span>
     <span class='ocr_line' id='line_1_24' title="bbox 63 2195 1023 2274; baseline -0.007 -17"><span class='ocrx_word' id='word_1_181' title='bbox 63 2199 244 2269; x_wconf 84' lang='lat' dir='ltr'>enucleavit,</span> <span class='ocrx_word' id='word_1_182' title='bbox 266 2202 456 2258; x_wconf 86' lang='lat' dir='ltr'>cumcontra</span> <span class='ocrx_word' id='word_1_183' title='bbox 477 2199 679 2274; x_wconf 87' lang='lat' dir='ltr'>Westphalius</span> <span class='ocrx_word' id='word_1_184' title='bbox 706 2198 739 2257; x_wconf 91' lang='lat' dir='ltr'>in</span> <span class='ocrx_word' id='word_1_185' title='bbox 767 2197 870 2257; x_wconf 89' lang='lat' dir='ltr'>eadem</span> <span class='ocrx_word' id='word_1_186' title='bbox 898 2195 1023 2253; x_wconf 88' lang='lat' dir='ltr'>materia</span> 
     </span>
     <span class='ocr_line' id='line_1_25' title="bbox 62 2279 1022 2358; baseline -0.004 -19"><span class='ocrx_word' id='word_1_187' title='bbox 62 2282 217 2344; x_wconf 68' lang='lat' dir='ltr'>amanda</span> <span class='ocrx_word' id='word_1_188' title='bbox 229 2284 274 2340; x_wconf 90' lang='lat' dir='ltr'>ita</span> <span class='ocrx_word' id='word_1_189' title='bbox 287 2283 446 2341; x_wconf 90' lang='lat' dir='ltr'>indulserit</span> <span class='ocrx_word' id='word_1_190' title='bbox 459 2283 580 2358; x_wconf 82' lang='lat' dir='ltr'>ingenio</span> <span class='ocrx_word' id='word_1_191' title='bbox 591 2282 762 2354; x_wconf 86' lang='lat' dir='ltr'>luxurianti,</span> <span class='ocrx_word' id='word_1_192' title='bbox 773 2284 809 2340; x_wconf 90' lang='lat' dir='ltr'>ut</span> <span class='ocrx_word' id='word_1_193' title='bbox 824 2280 923 2355; x_wconf 88' lang='lat' dir='ltr'>potius</span> <span class='ocrx_word' id='word_1_194' title='bbox 934 2279 1022 2336; x_wconf 79' lang='lat' dir='ltr'>tabu·</span> 
     </span>
     <span class='ocr_line' id='line_1_26' title="bbox 63 2362 1023 2441; baseline -0.005 -18"><span class='ocrx_word' id='word_1_195' title='bbox 63 2367 124 2424; x_wconf 88' lang='lat' dir='ltr'>lam</span> <span class='ocrx_word' id='word_1_196' title='bbox 143 2366 290 2427; x_wconf 84' lang='lat' dir='ltr'>Milesiam</span> <span class='ocrx_word' id='word_1_197' title='bbox 318 2384 407 2441; x_wconf 89' lang='lat' dir='ltr'>quam</span> <span class='ocrx_word' id='word_1_198' title='bbox 438 2366 592 2426; x_wconf 89' lang='lat' dir='ltr'>historiam</span> <span class='ocrx_word' id='word_1_199' title='bbox 617 2384 720 2426; x_wconf 84' lang='lat' dir='ltr'>reram</span> <span class='ocrx_word' id='word_1_200' title='bbox 748 2368 800 2423; x_wconf 90' lang='lat' dir='ltr'>aut</span> <span class='ocrx_word' id='word_1_201' title='bbox 829 2362 1023 2424; x_wconf 71' lang='lat' dir='ltr'>consimilem</span> 
     </span>
     <span class='ocr_line' id='line_1_27' title="bbox 65 2445 1023 2526; baseline -0.007 -18"><span class='ocrx_word' id='word_1_202' title='bbox 65 2450 263 2524; x_wconf 89' lang='lat' dir='ltr'>composuisse</span> <span class='ocrx_word' id='word_1_203' title='bbox 277 2449 351 2507; x_wconf 89' lang='lat' dir='ltr'>mihi</span> <span class='ocrx_word' id='word_1_204' title='bbox 365 2449 510 2522; x_wconf 86' lang='lat' dir='ltr'>videatur,</span> <span class='ocrx_word' id='word_1_205' title='bbox 527 2449 563 2508; x_wconf 87' lang='lat' dir='ltr'>de</span> <span class='ocrx_word' id='word_1_206' title='bbox 575 2469 634 2525; x_wconf 90' lang='lat' dir='ltr'>qua</span> <span class='ocrx_word' id='word_1_207' title='bbox 647 2468 681 2508; x_wconf 91' lang='lat' dir='ltr'>re</span> <span class='ocrx_word' id='word_1_208' title='bbox 695 2448 890 2526; x_wconf 80' lang='lat' dir='ltr'>etRettigius</span> <span class='ocrx_word' id='word_1_209' title='bbox 905 2446 980 2503; x_wconf 89' lang='lat' dir='ltr'>dixit</span> <span class='ocrx_word' id='word_1_210' title='bbox 990 2445 1023 2502; x_wconf 92' lang='lat' dir='ltr'>in</span> 
     </span>
     <span class='ocr_line' id='line_1_28' title="bbox 65 2528 1024 2605; baseline -0.004 -16"><span class='ocrx_word' id='word_1_211' title='bbox 65 2533 166 2592; x_wconf 88' lang='lat' dir='ltr'>libello</span> <span class='ocrx_word' id='word_1_212' title='bbox 185 2534 351 2592; x_wconf 88' lang='lat' dir='ltr'>academico</span> <span class='ocrx_word' id='word_1_213' title='bbox 372 2533 486 2592; x_wconf 90' lang='lat' dir='ltr'>Bernae</span> <span class='ocrx_word' id='word_1_214' title='bbox 503 2535 584 2593; x_wconf 88' lang='grc'>1868</span> <span class='ocrx_word' id='word_1_215' title='bbox 600 2534 717 2605; x_wconf 88' lang='lat' dir='ltr'>emisso,</span> <span class='ocrx_word' id='word_1_216' title='bbox 740 2532 787 2590; x_wconf 90' lang='lat' dir='ltr'>eui</span> <span class='ocrx_word' id='word_1_217' title='bbox 807 2532 930 2590; x_wconf 90' lang='lat' dir='ltr'>titulum</span> <span class='ocrx_word' id='word_1_218' title='bbox 953 2528 1024 2586; x_wconf 83' lang='lat' dir='ltr'>feeit</span> 
     </span>
     <span class='ocr_line' id='line_1_29' title="bbox 66 2613 1023 2689; baseline -0.003 -15"><span class='ocrx_word' id='word_1_219' title='bbox 66 2613 294 2689; x_wconf 84' lang='lat' dir='ltr'>Catulliana,</span> <span class='ocrx_word' id='word_1_220' title='bbox 315 2635 370 2675; x_wconf 90' lang='lat' dir='ltr'>neo</span> <span class='ocrx_word' id='word_1_221' title='bbox 389 2617 488 2676; x_wconf 89' lang='lat' dir='ltr'>minus</span> <span class='ocrx_word' id='word_1_222' title='bbox 508 2616 569 2676; x_wconf 91' lang='lat' dir='ltr'>alii.</span> <span class='ocrx_word' id='word_1_223' title='bbox 612 2616 726 2676; x_wconf 90' lang='lat' dir='ltr'>Deinde</span> <span class='ocrx_word' id='word_1_224' title='bbox 746 2616 830 2686; x_wconf 22' lang='lat' dir='ltr'>idem,</span> <span class='ocrx_word' id='word_1_225' title='bbox 852 2613 1023 2674; x_wconf 86' lang='lat' dir='ltr'>Schwabius</span> 
     </span>
     <span class='ocr_line' id='line_1_30' title="bbox 65 2695 1024 2769; baseline -0.004 -13"><span class='ocrx_word' id='word_1_226' title='bbox 65 2701 234 2760; x_wconf 89' lang='lat' dir='ltr'>recensione</span> <span class='ocrx_word' id='word_1_227' title='bbox 252 2699 413 2759; x_wconf 78' lang='lat' dir='ltr'>Catrrlliani</span> <span class='ocrx_word' id='word_1_228' title='bbox 432 2702 503 2761; x_wconf 87' lang='lat' dir='ltr'>libri</span> <span class='ocrx_word' id='word_1_229' title='bbox 525 2721 550 2758; x_wconf 91' lang='lat' dir='ltr'>a.</span> <span class='ocrx_word' id='word_1_230' title='bbox 570 2701 650 2760; x_wconf 91' lang='grc'><strong>1866</strong></span> <span class='ocrx_word' id='word_1_231' title='bbox 669 2700 807 2759; x_wconf 89' lang='lat' dir='ltr'>instituta</span> <span class='ocrx_word' id='word_1_232' title='bbox 826 2701 857 2757; x_wconf 88' lang='lat' dir='ltr'>et</span> <span class='ocrx_word' id='word_1_233' title='bbox 871 2695 1024 2769; x_wconf 85' lang='lat' dir='ltr'>archetypi</span> 
     </span>
     <span class='ocr_line' id='line_1_31' title="bbox 65 2779 1024 2860; baseline -0.001 -23"><span class='ocrx_word' id='word_1_234' title='bbox 65 2781 244 2844; x_wconf 88' lang='lat' dir='ltr'>Veronensis</span> <span class='ocrx_word' id='word_1_235' title='bbox 264 2784 440 2859; x_wconf 85' lang='lat' dir='ltr'>exemplaris</span> <span class='ocrx_word' id='word_1_236' title='bbox 459 2785 491 2843; x_wconf 92' lang='lat' dir='ltr'>in</span> <span class='ocrx_word' id='word_1_237' title='bbox 510 2787 655 2860; x_wconf 88' lang='lat' dir='ltr'>quantum</span> <span class='ocrx_word' id='word_1_238' title='bbox 676 2785 775 2859; x_wconf 88' lang='lat' dir='ltr'>potuit</span> <span class='ocrx_word' id='word_1_239' title='bbox 795 2781 860 2840; x_wconf 86' lang='lat' dir='ltr'>fieri</span> <span class='ocrx_word' id='word_1_240' title='bbox 873 2779 938 2855; x_wconf 89' lang='lat' dir='ltr'>pari</span> <span class='ocrx_word' id='word_1_241' title='bbox 952 2795 1024 2837; x_wconf 91' lang='lat' dir='ltr'>usus</span> 
     </span>
     <span class='ocr_line' id='line_1_32' title="bbox 66 2863 1024 2943; baseline -0.001 -21"><span class='ocrx_word' id='word_1_242' title='bbox 66 2865 220 2942; x_wconf 81' lang='lat' dir='ltr'>diligentia</span> <span class='ocrx_word' id='word_1_243' title='bbox 240 2869 272 2926; x_wconf 91' lang='lat' dir='ltr'>et</span> <span class='ocrx_word' id='word_1_244' title='bbox 291 2868 424 2927; x_wconf 88' lang='lat' dir='ltr'>sollertia</span> <span class='ocrx_word' id='word_1_245' title='bbox 445 2887 512 2928; x_wconf 89' lang='lat' dir='ltr'>oum</span> <span class='ocrx_word' id='word_1_246' title='bbox 531 2867 589 2930; x_wconf 88' lang='lat' dir='ltr'>fide</span> <span class='ocrx_word' id='word_1_247' title='bbox 609 2866 845 2943; x_wconf 81' lang='lat' dir='ltr'>repraesentavit</span> <span class='ocrx_word' id='word_1_248' title='bbox 864 2863 1024 2936; x_wconf 88' lang='lat' dir='ltr'>scripturas</span> 
     </span>
     <span class='ocr_line' id='line_1_33' title="bbox 68 2946 1025 3026; baseline -0.003 -18"><span class='ocrx_word' id='word_1_249' title='bbox 68 2947 259 3026; x_wconf 79' lang='lat' dir='ltr'>(quamquam</span> <span class='ocrx_word' id='word_1_250' title='bbox 283 2970 351 3010; x_wconf 89' lang='lat' dir='ltr'>eum</span> <span class='ocrx_word' id='word_1_251' title='bbox 381 2952 427 3010; x_wconf 89' lang='lat' dir='ltr'>his</span> <span class='ocrx_word' id='word_1_252' title='bbox 457 2955 541 3011; x_wconf 85' lang='lat' dir='ltr'>terve</span> <span class='ocrx_word' id='word_1_253' title='bbox 568 2951 646 3010; x_wconf 89' lang='lat' dir='ltr'>libro</span> <span class='ocrx_word' id='word_1_254' title='bbox 677 2948 924 3026; x_wconf 80' lang='lat' dir='ltr'>Sangermanansi</span> <span class='ocrx_word' id='word_1_255' title='bbox 956 2946 1025 3022; x_wconf 90' lang='lat' dir='ltr'>plus</span> 
     </span>
     <span class='ocr_line' id='line_1_34' title="bbox 67 3030 1025 3111; baseline -0.005 -18"><span class='ocrx_word' id='word_1_256' title='bbox 67 3051 158 3108; x_wconf 82' lang='lat' dir='ltr'>aequo</span> <span class='ocrx_word' id='word_1_257' title='bbox 179 3034 319 3096; x_wconf 86' lang='lat' dir='ltr'>detulisse</span> <span class='ocrx_word' id='word_1_258' title='bbox 345 3033 512 3111; x_wconf 84' lang='lat' dir='ltr'>existimo),</span> <span class='ocrx_word' id='word_1_259' title='bbox 538 3053 592 3093; x_wconf 92' lang='lat' dir='ltr'>nec</span> <span class='ocrx_word' id='word_1_260' title='bbox 617 3051 677 3092; x_wconf 88' lang='lat' dir='ltr'>non</span> <span class='ocrx_word' id='word_1_261' title='bbox 703 3035 736 3091; x_wconf 92' lang='lat' dir='ltr'>in</span> <span class='ocrx_word' id='word_1_262' title='bbox 762 3033 888 3092; x_wconf 86' lang='lat' dir='ltr'>lectione</span> <span class='ocrx_word' id='word_1_263' title='bbox 917 3030 1025 3090; x_wconf 89' lang='lat' dir='ltr'>consti·</span> 
     </span>
     <span class='ocr_line' id='line_1_35' title="bbox 66 3115 1027 3195; baseline -0.004 -21"><span class='ocrx_word' id='word_1_264' title='bbox 66 3118 175 3188; x_wconf 87' lang='lat' dir='ltr'>tuenda</span> <span class='ocrx_word' id='word_1_265' title='bbox 186 3135 231 3177; x_wconf 69' lang='lat' dir='ltr'>‘ax</span> <span class='ocrx_word' id='word_1_266' title='bbox 252 3137 414 3195; x_wconf 80' lang='lat' dir='ltr'>permagna</span> <span class='ocrx_word' id='word_1_267' title='bbox 432 3121 518 3194; x_wconf 87' lang='lat' dir='ltr'>parte</span> <span class='ocrx_word' id='word_1_268' title='bbox 538 3117 618 3195; x_wconf 86' lang='lat' dir='ltr'>idem</span> <span class='ocrx_word' id='word_1_269' title='bbox 637 3117 712 3176; x_wconf 91' lang='lat' dir='ltr'>mihi</span> <span class='ocrx_word' id='word_1_270' title='bbox 729 3115 893 3176; x_wconf 87' lang='lat' dir='ltr'>rectissimo</span> <span class='ocrx_word' id='word_1_271' title='bbox 907 3115 1027 3174; x_wconf 80' lang='lat' dir='ltr'>ridetur</span> 
     </span>
     <span class='ocr_line' id='line_1_36' title="bbox 68 3200 1025 3278; baseline -0.003 -21"><span class='ocrx_word' id='word_1_272' title='bbox 68 3218 213 3260; x_wconf 82' lang='lat' dir='ltr'>assensus</span> <span class='ocrx_word' id='word_1_273' title='bbox 228 3201 345 3262; x_wconf 85' lang='lat' dir='ltr'>iudicio.</span> <span class='ocrx_word' id='word_1_274' title='bbox 367 3203 502 3278; x_wconf 86' lang='lat' dir='ltr'>Denique</span> <span class='ocrx_word' id='word_1_275' title='bbox 512 3202 721 3261; x_wconf 88' lang='lat' dir='ltr'>memorandus</span> <span class='ocrx_word' id='word_1_276' title='bbox 735 3201 866 3272; x_wconf 82' lang='lat' dir='ltr'>Ellisius,</span> <span class='ocrx_word' id='word_1_277' title='bbox 882 3200 934 3276; x_wconf 90' lang='lat' dir='ltr'>qui</span> <span class='ocrx_word' id='word_1_278' title='bbox 947 3213 1025 3256; x_wconf 88' lang='lat' dir='ltr'>anno</span> 
     </span>
     <span class='ocr_line' id='line_1_37' title="bbox 70 3281 1026 3360; baseline -0.003 -20"><span class='ocrx_word' id='word_1_279' title='bbox 70 3285 147 3343; x_wconf 83' lang='grc'><strong>1867</strong></span> <span class='ocrx_word' id='word_1_280' title='bbox 169 3286 300 3344; x_wconf 83' lang='lat' dir='ltr'>carmina</span> <span class='ocrx_word' id='word_1_281' title='bbox 314 3285 424 3346; x_wconf 85' lang='lat' dir='ltr'>Catulli</span> <span class='ocrx_word' id='word_1_282' title='bbox 445 3285 589 3346; x_wconf 89' lang='lat' dir='ltr'>ditissimo</span> <span class='ocrx_word' id='word_1_283' title='bbox 609 3287 754 3346; x_wconf 86' lang='lat' dir='ltr'>instructa</span> <span class='ocrx_word' id='word_1_284' title='bbox 767 3286 911 3360; x_wconf 87' lang='lat' dir='ltr'>apparatu</span> <span class='ocrx_word' id='word_1_285' title='bbox 925 3281 1026 3340; x_wconf 73' lang='lat' dir='ltr'>antico</span> 
     </span>
     <span class='ocr_line' id='line_1_38' title="bbox 69 3362 1026 3454; baseline -0.003 -32"><span class='ocrx_word' id='word_1_286' title='bbox 69 3370 100 3423; x_wconf 87' lang='lat' dir='ltr'>et</span> <span class='ocrx_word' id='word_1_287' title='bbox 113 3369 359 3444; x_wconf 87' lang='lat' dir='ltr'>splendidissimis</span> <span class='ocrx_word' id='word_1_288' title='bbox 375 3386 513 3445; x_wconf 82' lang='lat' dir='ltr'>expressa</span> <span class='ocrx_word' id='word_1_289' title='bbox 526 3371 606 3446; x_wconf 87' lang='lat' dir='ltr'>typis</span> <span class='ocrx_word' id='word_1_290' title='bbox 622 3370 723 3428; x_wconf 87' lang='lat' dir='ltr'>edidit.</span> <span class='ocrx_word' id='word_1_291' title='bbox 753 3369 837 3427; x_wconf 90' lang='lat' dir='ltr'>Idem</span> <span class='ocrx_word' id='word_1_292' title='bbox 852 3369 883 3425; x_wconf 92' lang='lat' dir='ltr'>et</span> <span class='ocrx_word' id='word_1_293' title='bbox 897 3362 1026 3454; x_wconf 79' lang='lat' dir='ltr'>strophis</span> 
     </span>
     <span class='ocr_line' id='line_1_39' title="bbox 69 3443 1028 3530; baseline -0.009 -24"><span class='ocrx_word' id='word_1_294' title='bbox 69 3468 168 3513; x_wconf 83' lang='lat' dir='ltr'>versus</span> <span class='ocrx_word' id='word_1_295' title='bbox 188 3455 253 3514; x_wconf 86' lang='lat' dir='ltr'>eius</span> <span class='ocrx_word' id='word_1_296' title='bbox 274 3454 448 3529; x_wconf 83' lang='lat' dir='ltr'>dispescuit,</span> <span class='ocrx_word' id='word_1_297' title='bbox 470 3454 506 3515; x_wconf 89' lang='lat' dir='ltr'>de</span> <span class='ocrx_word' id='word_1_298' title='bbox 527 3473 586 3530; x_wconf 88' lang='lat' dir='ltr'>qua</span> <span class='ocrx_word' id='word_1_299' title='bbox 604 3473 637 3512; x_wconf 87' lang='lat' dir='ltr'>ro</span> <span class='ocrx_word' id='word_1_300' title='bbox 657 3454 894 3516; x_wconf 87' lang='lat' dir='ltr'>dissertationem</span> <span class='ocrx_word' id='word_1_301' title='bbox 914 3443 1028 3505; x_wconf 87' lang='lat' dir='ltr'>addid1t</span> 
     </span>
    </p>
   </div>
   <div class='ocr_carea' id='block_1_4' title="bbox 790 3561 822 3610">
    <p class='ocr_par' dir='ltr' id='par_1_4' title="bbox 790 3561 822 3610">
     <span class='ocr_line' id='line_1_40' title="bbox 790 3561 822 3610; baseline 0 -21"><span class='ocrx_word' id='word_1_302' title='bbox 790 3561 822 3610; x_wconf 66' lang='lat' dir='ltr'>b!</span> 
     </span>
    </p>
   </div>
   <div class='ocr_carea' id='block_1_5' title="bbox 0 0 1244 4056">
    <p class='ocr_par' dir='ltr' id='par_1_5' title="bbox 0 0 1244 4056">
     <span class='ocr_line' id='line_1_41' title="bbox 0 0 1244 4056; baseline 0 0"><span class='ocrx_word' id='word_1_303' title='bbox 0 0 1244 4056; x_wconf 95' lang='lat' dir='ltr'> </span> 
     </span>
    </p>
   </div>
  </div>
 </body>
</html>
