2492 4022
380 209 614 268 rasennam.
629 289 630 292 Ν

62 391 110 441 16.
672 375 728 438 nbi
750 374 828 440 echo

142 463 254 546 saepta
275 459 375 546 petris
398 507 847 532 υυυυυυυυυυυυυ

62 561 163 615 Festus
186 577 234 630 pg.
256 565 305 616 206
329 557 431 614 Levius
457 557 486 612 in
511 557 657 613 Centauris
684 557 730 626 (de
752 559 834 626 petra
859 558 983 613 naturali

62 633 90 689 o)
112 626 180 682 ‘ubi
202 644 255 697 ego
277 644 362 695 saepe
384 626 491 696 petris!
515 642 585 680 corr.
603 624 735 694 Scaliger.
770 625 846 678 Naso
867 629 981 681 metam

62 697 98 748 ll
117 715 142 750 v.
156 701 205 749 211
221 711 263 762 sq.
281 696 364 749 dere
382 693 482 749 endem
501 693 673 762 ‘nubigenas
690 721 724 732 -
742 694 888 748 arboribus
906 696 982 748 teoto

62 763 194 818 rumbere
210 761 332 817 iusserat
349 763 450 816 antro)

64 878 110 926 17.
141 865 262 1013 tuliquil
276 884 462 948 permensus
484 865 576 947 ponti
597 864 698 928 maria
719 863 784 928 alta
805 863 919 928 cariata

143 969 183 1013 ve
208 970 247 1012 vo
262 971 289 1013 a.

62 1049 228 1102 Macrobius
250 1048 302 1101 sat.
325 1047 378 1113 VI,
401 1052 429 1114 5,
454 1054 486 1102 10
513 1047 550 1102 ad
575 1047 647 1102 illud
668 1047 787 1116 Vergilii
812 1047 983 1117 ‘despiciens

62 1133 92 1169 re
106 1115 276 1170 velivolum’
288 1113 385 1168 Livius
396 1116 426 1168 in
437 1115 582 1170 Helenae.
596 1131 623 1182 q.
636 1135 657 1170 s.
679 1115 782 1170 Laevio
795 1118 840 1170 sat
851 1117 983 1184 probabi-

65 1203 80 1236 r
100 1182 203 1236 tribuit
218 1182 402 1248 Ribbeokius3
422 1199 474 1252 ego
493 1183 530 1238 ad
552 1185 674 1238 metrum
697 1183 870 1238 fulciendum
887 1183 985 1236 addidi

65 1252 101 1372 (ld
115 1249 252 1305 ‘carina’.
295 1249 435 1304 Videntur
464 1267 524 1305 esse
550 1250 637 1305 rerba
662 1251 787 1306 Helenae
813 1249 984 1319 alloquentis

62 1337 80 1371 rr
104 1334 157 1372 ena

69 1433 113 1483 18.
146 1441 278 1502 seseque
299 1418 336 1484 in
356 1420 422 1484 elta
442 1420 544 1486 maria
563 1422 745 1506 praecipem
765 1421 913 1506 immisit,

144 1507 252 1568 mente
273 1505 395 1588 impos,
418 1526 516 1590 aegra
537 1507 682 1570 sanitatis
704 1506 821 1571 herois.

63 1604 287 1726 &filim
304 1603 486 1660 vetustissimi
503 1605 590 1684 etiam
605 1605 745 1686 praecipis
775 1605 933 1683 'enetivum
950 1635 985 1648 -

62 1689 137 1726 evius
152 1690 184 1725 in
233 1687 294 1725 one.
322 1671 468 1740 ‘Seseque’
487 1673 624 1742 Scaliger,
642 1691 692 1742 qur
708 1675 760 1728 eho
830 1675 881 1730 bos
898 1689 984 1744 agno-

62 1762 68 1806 ;
89 1737 234 1806 ‘immisit
251 1741 361 1794 mente’
376 1740 438 1810 ipse
456 1740 569 1795 addidi:

284 1908 713 1980 PROTESILAVDAMIA.

66 2045 163 2098 Etiam
179 2043 210 2098 in
231 2043 287 2098 hac
307 2043 363 2098 oda
387 2044 484 2114 epyllii
505 2044 595 2098 instar
615 2046 677 2099 fata
697 2043 846 2100 Protesilai
868 2046 897 2100 et
913 2045 986 2098 Lau-

63 2112 129 2166 niae
141 2110 269 2179 longiore
282 2111 466 2166 videturesse
479 2115 644 2182 persecutus
656 2113 776 2182 ambage
790 2112 909 2181 aprimo
920 2113 985 2167 inde

66 2196 114 2232 ore
186 2195 222 2234 ne
240 2179 278 2232 ad
295 2179 404 2233 obitum
421 2181 576 2236 amborum.
610 2180 720 2234 'litnlus
742 2184 838 2235 autem
860 2183 893 2234 ut
909 2181 986 2249 apud

63 2247 141 2300 idem
189 2246 360 2301 irenooircae
386 2247 433 2302 vel
456 2247 533 2317 apud
554 2247 711 2302 Varronem
738 2247 986 2318 Oedipothyestae,

63 2331 110 2434 ὥς,
125 2314 190 2383 ipsa
205 2313 236 2367 in
256 2313 371 2368 bravius
395 2317 522 2370 coartata
539 2317 572 2370 ut
588 2315 821 2386 tragicomoedia
844 2315 985 2381 idolatria,

92 2399 129 2436 ra

73 2498 113 2546 19.
145 2483 227 2548 inibi
247 2439 381 2550 inruunt
402 2486 574 2554 cachinnos

146 2569 217 2633 ioca
239 2569 324 2636 dieta
344 2570 516 2637 risitantes.

70 2668 179 2722 Nonius
201 2675 251 2724 209
274 2687 295 2722 s.
312 2687 339 2724 v.
361 2670 438 2725 iocus
461 2672 582 2727 ‘Nerius
604 2671 842 2728 Protesilaodam’
868 2688 891 2725 e.
915 2688 942 2739 q.
965 2689 986 2724 s.

63 2736 174 2813 aerius’
199 2737 339 2805 Osannus,
363 2737 642 2794 ‘Protesilaodamia’
668 2739 776 2804 Carri03
801 2737 901 2792 ‘inibi'
925 2754 987 2816 ego,

64 2805 143 2858 uunt’
168 2803 244 2871 edd„
270 2804 386 2860 Vossius
411 2807 455 2860 ‘in
483 2817 575 2874 eum’;
601 2824 686 2877 porro
712 2807 778 2861 libri
800 2807 986 2871 ‘riisitantis’,

64 2871 222 2926 insitantes‘
240 2871 371 2940 Bothius‚
392 2874 510 2929 fortasse
532 2877 617 2930 recte.
656 2875 715 2928 Hos
737 2873 929 2928 anacreontica
950 2873 988 2928 ad

64 2956 149 2992 iorum
165 2940 279 2992 turbam
301 2939 573 2997 circumvolitantem
591 2943 779 2997 Protesilaum
797 2957 860 2994 oum
879 2939 986 2994 Laoda-
1010 2970 1015 2986 ‚

64 3024 79 3059 a
105 3007 164 3084 sive
192 3007 229 3060 ad
254 3007 382 3063 homines
407 3009 437 3062 in
462 3009 570 3078 nuptiis
590 3011 744 3065 eorrmdem
770 3010 932 3079 praesentes
958 3011 988 3064 et

64 3089 213 3128 cennmam
229 3074 373 3130 licentiam
390 3078 553 3131 exercentes
569 3076 722 3131 retulerim.

75 3189 117 3237 20.
150 3178 315 3260 complexa
336 3200 449 3244 somno
472 3201 606 3264 corpora

150 3263 336 3345 operiuntur
358 3285 395 3329 aa
417 3266 506 3334 suari
528 3267 601 3350 quie

151 3346 305 3413 dicantur.

76 3445 232 3502 ”fiscanne
249 3449 300 3503 ubi
317 3451 418 3507 asserit
433 3452 504 3508 illud
516 3456 596 3523 quies
608 3455 694 3510 etiam
706 3457 835 3524 quintam
846 3454 927 3523 sequi
939 3453 988 3507 de·

98 3514 204 3572 ¹tionem
215 3533 263 3586 pg.
273 3525 336 3574 703:
349 3520 478 3576 ‘Laevius
492 3522 544 3592 (ita
553 3524 692 3591 Osannus;
706 3525 768 3578 cdd.
776 3526 835 3579 fere
846 3523 987 3589 ‘Nerius’)

99 3611 205 3643 srrnnvs.
240 3606 243 3612 '
819 3613 835 3659 6
