2470 4010
51 216 153 286 suu]
483 209 610 274 urana:

183 377 261 443 Non
283 379 390 441 custos
412 376 440 441 si
461 377 566 461 fingar
586 377 642 442 ille
665 376 810 463 Oretum,
844 425 848 431 -

182 462 261 528 Nou
282 462 311 526 si
332 461 473 545 Pegaseo
495 462 581 526 ferar
602 461 727 544 volatu,

183 547 259 610 Non
280 545 383 610 Ladas
406 566 466 628 ego
487 545 676 630 pinnipesve
696 546 846 632 Perseus,

183 630 260 695 Non
281 629 382 694 Rhesi
402 629 496 693 nivea
517 630 642 712 citaque
663 629 754 714 biga:

182 713 276 777 Adde
296 713 359 777 huc
380 713 577 796 plumipedes
599 715 822 798 volatilesque,

182 797 423 882 Ventorumque
445 797 540 861 simul
560 798 685 881 require
707 819 848 865 cursum:

184 881 272 956 Quos
294 885 441 963 sunnine,
465 880 606 965 Cernen,
628 882 709 946 mihi
730 883 866 967 dicares,

184 965 338 1031 Defessus
359 969 468 1030 tamen
490 967 637 1030 omnibus
658 967 808 1032 medullis

183 1049 230 1114 Et
249 1050 359 1114 multis
380 1049 565 1134 langoribus
586 1073 716 1135 peresus

182 1133 297 1198 Essem
317 1137 350 1197 te
371 1133 466 1216 mihi,
489 1135 604 1218 amice,
627 1135 844 1218 quaeritando.
863 1209 866 1216 Δ

183 1218 287 1282 Tanto
309 1221 365 1282 ten
385 1217 470 1282 fastu
491 1240 606 1304 negas,
629 1220 751 1284 amice?

184 1301 247 1366 Dic
267 1303 438 1366 nobis‘ubi
461 1303 503 1366 sis
525 1305 665 1387 futurus,
688 1304 745 1369 ede

182 1387 357 1468 Audacter,
381 1387 548 1470 conmitte,
572 1388 663 1453 crede
685 1388 775 1453 lucei.

183 1469 272 1534 Num
293 1474 326 1534 te
347 1471 499 1535 lacteolae
519 1475 631 1536 tenent
651 1472 798 1556 puellae?

184 1554 219 1620 Si
240 1555 383 1638 linguam
406 1555 512 1620 clauso
533 1557 624 1620 tenes
645 1557 680 1620 in
701 1578 771 1640 ore,

185 1638 320 1703 Fructus
342 1640 477 1722 proicies
500 1641 616 1704 amoris
639 1662 765 1705 omncs:

182 1721 329 1788 Verbosa
349 1724 468 1806 gaudet
489 1723 598 1787 Venus
620 1725 768 1807 loquella.

182 1805 246 1870 Vel
267 1807 294 1870 si
314 1807 378 1890 vis,
401 1807 476 1871 licet
498 1808 625 1870 obseres
647 1809 804 1892 palatum,

182 1889 270 1954 Dum
290 1891 390 1955 vostri
412 1891 472 1955 sim
493 1891 653 1974 particeps
675 1892 801 1956 amoris.

455 2053 459 2060 ’
491 2103 583 2179 nvi.

186 2228 214 2292 0
235 2251 304 2293 rem
324 2228 505 2312 ridiculam,
530 2227 630 2311 Caco,
654 2231 687 2293 et
707 2229 847 2295 iocosam

182 2311 387 2396 Dignumque
409 2313 537 2377 auribus
559 2315 592 2376 et
611 2315 668 2376 tuo
691 2313 856 2379 cachinno,

184 2395 280 2480 Ride,
304 2397 457 2480 quidquid
479 2418 581 2480 amas,
604 2395 700 2480 Cato,
723 2397 900 2469 Catullum}

181 2479 246 2544 Res
269 2483 318 2544 est
338 2481 471 2546 ridicula
493 2484 526 2545 et
546 2481 642 2544 nimis
664 2482 780 2546 iocosa.

182 2561 346 2648 Deprendi
367 2565 462 2628 modo
484 2566 640 2649 pupulum
660 2567 785 2649 puellae
1004 2578 1020 2628 5

183 2646 385 2713 liusantem:
407 2648 493 2719 hunc
516 2671 591 2734 eg0,
615 2650 642 2712 si
663 2649 769 2734 placet
790 2647 929 2734 Dionae,

181 2730 310 2797 Protelo
332 2733 436 2818 rigida
457 2755 529 2796 mea
551 2733 659 2798 cecidi.

481 2947 591 3020 LVII.

181 3067 296 3134 Pulcra
318 3069 469 3134 convenit
489 3069 633 3151 inprobis
657 3069 810 3155 cinaedis,

180 3150 361 3220 Mamurrae
382 3153 574 3239 pathicoque
596 3151 796 3238 Caesarique.

180 3234 251 3302 Nec
272 3239 402 3304 mirum:
424 3238 568 3303 maculae
613 3259 682 3302 ares
703 3239 859 3326 utrisque,

142 3357 145 3364 ·
179 3317 313 3392 Vrbana
334 3322 434 3386 altera
457 3326 490 3388 et
509 3323 565 3387 illa
586 3259 769 3408 Domana,

180 3401 349 3488 inpressae
369 3407 511 3472 resident
531 3427 592 3471 nec
614 3408 773 3473 eluantur:
1004 3415 1021 3464 ὅ

178 3485 324 3556 Morbosi
345 3491 478 3575 pariter,
501 3492 631 3576 gemelli
654 3492 777 3574 utrique
