2476 4018
203 183 226 248 4
600 186 796 243 eneruem
935 179 941 183 ·
1112 190 1172 261 [m

204 424 209 431 ¹
310 349 406 416 Nune
427 349 546 414 furtiva
568 350 653 414 cavis
674 371 770 435 poma
792 349 907 414 dabam
927 351 1087 436 manibus,

218 447 252 498 25
268 434 445 518 Omniaque
466 435 595 518 ingrato
617 433 759 518 largibar
780 456 913 498 munera
934 457 1058 520 somno,

309 517 444 584 Munera
465 519 505 582 de
526 540 629 603 prone
651 540 745 602 saepe
766 519 876 583 voluta
897 520 985 604 sinu3

267 602 313 668 Et
334 603 481 686 quotiens
502 624 574 666 rare
597 603 687 666 duxti
709 603 846 686 suspiria
866 605 967 687 motu,

312 687 472 770 Obstupui
491 709 575 752 vano
597 685 744 751 credulus
766 687 919 771 auspicis,

268 771 319 838 Ne
342 794 383 836 ua
403 771 463 834 tibi
484 771 632 835 insolitos
653 774 820 855 portarent
839 771 908 836 visa
928 773 1071 858 timores,

219 869 255 920 so
344 878 400 920 eve
421 855 492 938 quis
513 855 648 920 invitam
670 859 800 939 cogeret
821 877 889 920 esse
911 879 1017 921 suam:

269 940 382 1005 Donec
403 940 544 1004 diversas
565 961 752 1024 percurrens
774 940 851 1004 luna
872 941 1041 1025 fenestras

311 1024 403 1089 Luna
423 1027 591 1088 moraturis
613 1023 723 1089 sedula
744 1025 928 1108 luminibus,

270 1107 465 1193 Conpositos
486 1108 609 1174 levibus
629 1107 727 1172 radiis
748 1109 900 1192 patefecit
920 1112 1050 1176 ocellos

311 1191 364 1256 Sic
386 1193 432 1255 ait
452 1193 488 1256 in
507 1193 600 1256 molli
619 1193 683 1256 fixa
703 1197 775 1258 tero
799 1193 954 1258 subitum:

220 1289 254 1339 aa
270 1275 430 1342 ‘Tandem
450 1279 483 1339 te
505 1279 616 1341 nostro
637 1277 779 1342 referens
799 1277 916 1343 iniuria
936 1279 1020 1344 leeto

311 1359 454 1424 Alterius
476 1359 591 1424 clausis
613 1362 736 1444 expulit
756 1383 774 1426 e
794 1362 939 1428 foribus?

268 1443 416 1528 Namque
424 1443 682 1530 ubilongameae
691 1448 888 1530 consumpsti
899 1451 1044 1532 tempora
1054 1447 1170 1534 noctis,

311 1529 495 1614 Languidus
517 1531 647 1612 exactis,
669 1529 810 1610 simili,
833 1531 1011 1596 sideribus?

270 1614 297 1681 0
319 1615 442 1678 utinam
462 1614 542 1679 tales
564 1614 729 1699 producas,
749 1615 893 1699 inprobe,
914 1621 1036 1701 noctes,

220 1712 256 1762 40
311 1698 364 1762 Me
386 1699 535 1763 miseram
556 1699 666 1782 quales
686 1721 812 1782 semper
832 1699 950 1765 habere
971 1703 1077 1767 iubes!

269 1782 354 1849 Nam
380 1783 476 1848 modo
502 1805 661 1869 purpureo
680 1783 832 1848 fallebam
854 1786 989 1850 stamine
1011 1808 1172 1874 somnum,

311 1867 433 1932 Rursus
455 1871 488 1932 et
509 1867 655 1952 Orpheae
677 1867 816 1932 earmina
837 1869 922 1933 fessa
942 1870 1045 1954 lyrae:

248 1951 412 2018 Interdum
433 1952 547 2016 leviter
567 1973 691 2016 meeum
712 1952 838 2016 deserta
859 1955 1013 2037 querebar

310 2035 453 2100 Externo
475 2037 589 2122 longas
611 2058 706 2120 saepe
726 2037 762 2100 in
783 2058 891 2102 amore
912 2060 1028 2123 mores,

219 2131 253 2181 45
268 2117 354 2184 Dum
375 2142 426 2184 me
448 2121 593 2186 ineundis
615 2121 738 2204 lapsam
759 2143 856 2206 sopor
875 2123 994 2207 inpulit
1015 2125 1086 2190 alis.

311 2203 373 2268 Illa
393 2204 455 2269 fuit
475 2205 613 2270 laerimis
635 2206 747 2269 ultima
768 2228 844 2271 eura
865 2208 969 2272 meis?

610 2333 763 2344 ι--.-..

647 2419 729 2495 ΗΠ.

270 2539 354 2617 Quid
374 2540 454 2606 mihi
474 2544 542 2606 tam
562 2543 680 2608 multas
702 2545 871 2630 laudando,
893 2546 1001 2631 Basse,
1024 2548 1149 2632 puellas

311 2625 470 2690 Mutatum
492 2627 621 2692 domina
642 2631 731 2714 cogis
754 2631 840 2695 abire
862 2632 955 2696 mea?

270 2710 352 2787 Quid
373 2733 425 2776 me
445 2734 513 2776 non
533 2714 652 2797 pateris
673 2715 757 2778 vitae
779 2716 999 2799 quodcumque
1021 2721 1171 2800 sequetur

311 2795 384 2860 Hoe
405 2797 508 2881 magis
531 2799 661 2876 adsueto
684 2798 797 2863 ducere
820 2801 972 2865 servitio?

241 2881 322 2944 eTu
344 2881 419 2944 lieet
442 2881 599 2966 Antiopae
621 2883 756 2946 formam
776 2883 952 2967 Nycteidos
975 2889 1007 2969 et
1028 2889 1065 2952 tu

311 2964 485 3048 Spartanae
505 2967 625 3031 referas
646 2967 792 3032 laudibus
813 2969 1016 3052 Hermionae,

269 3049 314 3113 nt
335 3071 549 3135 quascumque
570 3051 645 3115 tulit
664 3052 798 3117 formosi
819 3055 972 3138 temporis
993 3059 1094 3119 aetas:

315 3133 452 3216 Cynthia
473 3157 540 3217 non
561 3137 632 3200 illas
654 3157 773 3201 nomen
794 3133 912 3202 habere
934 3139 1027 3223 sinet,

134 3221 136 3226 '
270 3215 406 3300 Nedum,
430 3220 458 3282 si
478 3221 600 3284 levibus
622 3220 719 3284 tuerit
739 3221 855 3286 collata
875 3223 996 3308 figuris,

225 3313 257 3362 10
313 3299 451 3365 Inferior
473 3303 551 3368 duro
572 3305 675 3368 iudice
695 3306 798 3389 turpis
821 3311 880 3372 eat.

271 3383 359 3447 Haee
380 3385 436 3447 sed
456 3385 561 3450 forma
581 3389 645 3452 mei
666 3412 739 3473 pars
762 3395 811 3454 est
832 3396 971 3457 extrema
992 3393 1126 3458 frueris:

313 3467 395 3533 Sunt
415 3469 547 3552 maiora,
571 3471 693 3556 quibus,
716 3474 825 3559 Basse,
847 3477 951 3561 perire
971 3478 1070 3562 iuvat,
