2464 4020
466 293 678 350 PRAEFATIO.
965 307 1054 354 xxlx

148 462 215 535 ΠΙ,
238 463 293 533 20,
315 463 334 520 8
357 462 494 522 lacrimae
507 459 697 520 Burmannus
711 461 814 533 maior,
829 462 967 522 luerim
980 461 1052 522 NG.

79 549 152 607 Hoc
167 549 286 606 servato
292 545 412 604 Lachm.
423 545 456 604 in
466 544 566 620 priore
582 564 610 604 v.
626 545 745 620 scripsit
755 543 848 606 Niobe
859 579 900 588 -
911 563 1053 620 saperem

80 632 140 692 see
155 634 221 690 tem
235 632 354 690 vetusto
369 633 490 703 tamque
510 629 588 688 bono
606 627 744 703 scriptori
758 647 819 689 non
833 632 973 690 convenit
986 649 1051 690 ver-

79 717 162 776 bnm
177 713 327 774 defluendi
341 731 409 772 eum
424 713 590 773 accusativo
605 714 750 773 iunctum.

150 798 209 871 111,
226 799 276 870 21,
293 799 311 858 7
333 797 452 858 aermo's
466 796 580 873 scripsi,
600 815 639 858 ne
658 797 704 856 bis
719 798 751 859 in
766 797 913 875 contiguis
929 798 1052 874 syllabis

82 884 174 944 elisio
189 882 297 960 longae
310 881 413 955 fieret3
427 897 521 941 corono
535 899 565 940 es
578 900 607 942 v.

151 967 195 1025 ib.
214 967 252 1023 12
267 969 369 1025 canae
383 964 586 1037 Ruhnkenius,
602 965 653 1040 qui
669 968 700 1023 et
714 965 808 1026 locum
822 965 920 1024 uoluit
934 983 989 1042 pro
1004 966 1053 1026 do·
1148 1001 1163 1012 -

82 1068 189 1120 mmm
203 1051 291 1110 eiecta
304 1055 345 1109 eat
359 1047 430 1108 NG.
471 1081 476 1093 ·

151 1133 210 1207 ΙΠ,
227 1135 277 1206 22,
294 1134 334 1191 14
354 1151 441 1194 aurae
460 1131 643 1206 Huschkius,
665 1150 756 1206 quare
776 1133 841 1192 odd.
871 1133 982 1192 Mirum
1000 1152 1052 1209 po·

83 1219 184 1278 tuisse
204 1217 393 1281 Lachmanno
417 1218 536 1294 placere
560 1216 720 1276 lectionem
745 1218 907 1293 vulgatam.
942 1217 1054 1276 Debuit

85 1307 172 1362 certo
194 1320 260 1361 esse
279 1319 340 1361 aar.
369 1300 515 1361 Huschkii
533 1301 689 1361 inventum
704 1302 753 1360 vel
774 1301 840 1360 ideo
855 1301 1051 1377 probandum,

84 1406 127 1446 ne
142 1389 322 1461 quarantem
335 1384 494 1446 reddamus
508 1383 707 1460 Propertium.

152 1471 196 1529 ib.
210 1471 252 1527 44
266 1470 337 1543 qaid
348 1473 432 1530 meat
445 1475 472 1528 ot
484 1469 564 1528 auto
573 1487 683 1542 ponere
695 1470 783 1530 cerba
797 1469 863 1529 loco.
879 1469 960 1529 Illud
974 1475 1000 1528 ct
1014 1468 1053 1542 N,

86 1553 126 1626 G,
149 1554 196 1612 eo
212 1554 296 1629 aeg„
317 1556 352 1612 ic
371 1553 496 1612 Puecius
516 1555 619 1627 aperta
638 1552 881 1626 interpolatione,
902 1553 1003 1627 itaque
1024 1571 1052 1610 v.

86 1639 214 1713 Repone
229 1639 267 1696 a!
282 1637 366 1695 Idem
380 1637 488 1696 vitium
502 1636 671 1694 tollendum
686 1653 722 1694 ex
736 1636 821 1693 catal.
834 1636 965 1695 Maronis
981 1638 1010 1707 3,
1023 1637 1052 1707 3,

88 1723 120 1795 4,
143 1720 198 1780 ubi
217 1720 406 1780 scribendum
426 1726 513 1780 tacco
526 1737 607 1778 auae
623 1719 721 1793 puello
735 1719 811 1786 totle,
833 1719 870 1777 ol
892 1715 968 1794 (siue
982 1717 1051 1793 teu)

87 1811 142 1866 tuo
155 1811 271 1878 stupore
279 1821 384 1879 praem
402 1822 455 1864 rus
474 1804 586 1863 abibit?
611 1805 638 1862 ei
656 1805 737 1871 milii,
752 1821 813 1861 non
827 1801 907 1877 quod
920 1801 1052 1876 Hauptio

88 1889 206 1964 placuit
224 1890 264 1957 ci,
284 1890 416 1964 primum
436 1887 506 1964 quia
526 1888 660 1962 sequitur
674 1887 776 1946 stetim
791 1887 862 1944 haec
876 1886 1052 1957 interiectio,

90 1973 200 2032 deinde
215 1973 283 2047 quia
296 1971 480 2032 tersissimns
494 1971 619 2047 quisque
635 1973 789 2030 auctorum
803 1969 907 2028 eadem
921 1987 982 2030 non
996 1969 1052 2028 uti-

90 2059 156 2115 itur
169 2057 228 2116 nisi
242 2075 297 2133 per
310 2057 470 2116 formulam
485 2057 511 2116 ei
525 2055 605 2115 mitt.

155 2141 197 2198 ib.
219 2141 260 2200 50
284 2159 369 2214 quern
393 2157 467 2212 quoe
490 2141 562 2199 coire
585 2141 665 2198 timet
689 2155 825 2212 quaerere
848 2140 940 2212 pluro
966 2139 1052 2198 iubet.

91 2225 182 2284 Hunc
199 2245 229 2284 v.
250 2225 319 2299 quia
340 2225 426 2287 abest
445 2224 482 2282 ab
502 2223 532 2280 N
552 2223 686 2298 spurium
706 2221 818 2282 indicat
837 2221 1054 2284 Heimreiohiue

91 2329 143 2386 pg.
154 2311 203 2381 10,
218 2310 328 2385 quippe
342 2307 491 2366 sententia
504 2310 539 2365 ut
549 2307 736 2365 aitoontorta
750 2307 897 2384 longeque
911 2307 1053 2383 repetitae

93 2398 125 2452 at
139 2393 215 2451 nihil
234 2392 352 2468 planius
371 2391 504 2466 nihilque
524 2391 710 2468 frequentius
729 2392 763 2450 in
777 2392 868 2451 simili
883 2390 1054 2450 condicione

92 2496 203 2536 rerum.
233 2476 317 2534 Idem
335 2477 427 2552 negat
446 2493 609 2550 pronomen
629 2476 787 2535 relativum
800 2494 855 2552 pro
870 2475 1053 2533 demonstra

92 2562 156 2619 tivo
182 2560 254 2636 poni
279 2580 326 2636 ap.
341 2559 442 2635 Prop,
469 2559 545 2619 sicut
564 2560 612 2618 hic
630 2560 678 2632 fit,
699 2559 857 2618 immanior
877 2562 908 2616 et
927 2559 1054 2616 aliorum

87 2646 228 2703 locorum
249 2646 280 2702 et
300 2644 362 2702 eius
383 2662 473 2719 quem
490 2643 582 2702 habes
596 2643 668 2714 1111,
686 2644 735 2714 23,
753 2646 802 2700 21.
832 2641 1000 2717 Displicent
1014 2642 1054 2698 ei-

94 2727 163 2786 dem
182 2729 360 2803 pronomina
380 2729 505 2786 relativa
529 2725 588 2784 duo
613 2743 688 2799 quae
713 2743 743 2782 se
769 2725 946 2799 exciperent.
978 2724 1056 2796 Quid

93 2811 228 2870 dicturus
247 2812 327 2870 idem
349 2811 385 2870 de
404 2810 532 2870 Nasonis
553 2808 698 2868 versiculo
713 2808 765 2882 qui
784 2808 896 2883 legitur
915 2809 947 2866 in
963 2808 1053 2866 Trist.

94 2896 119 2969 Ι,
137 2899 170 2953 1:
191 2898 284 2968 etquis
303 2898 355 2968 qai
367 2895 438 2969 quod
451 2913 539 2970 opaea
558 2893 633 2965 sorte
646 2895 776 2966 reparat
789 2893 850 2952 ac.
873 2891 992 2949 Excidit
1005 2909 1054 2947 au-

94 2983 156 3038 tem
176 2981 363 3054 pentameter
382 2979 420 3039 ob
438 2980 552 3036 nullam
573 2979 662 3036 aliem
682 2994 800 3035 oausam
814 2975 846 3035 in
860 2975 889 3032 N
902 2975 961 3034 nisi
976 2975 1056 3050 quod

94 3083 138 3138 sq.
160 3083 190 3122 v.
211 3063 243 3120 in
269 3081 305 3122 eo
330 3063 436 3137 incipit
461 3063 553 3121 etiem
579 3081 597 3118 a
618 3080 673 3134 qia·
700 3079 770 3120 nam
794 3059 885 3118 hebet
910 3061 1056 3136 scriptura

94 3147 180 3207 valde
195 3146 347 3222 frequenti
361 3150 411 3222 qai
424 3167 479 3223 pro
494 3149 550 3208 eui.

157 3231 214 3304 111,
232 3233 281 3303 23,
299 3232 338 3288 22
352 3234 461 3290 weriot
475 3230 690 3306 Hertzbergius
707 3227 814 3307 (cariat
827 3227 996 3307 Heinsius),
1018 3230 1055 3287 cf.

94 3313 160 3373 cat.
176 3317 228 3387 66,
246 3316 301 3388 18;
316 3317 443 3374 mmai
457 3316 495 3388 N,
511 3317 630 3390 capiant
644 3314 680 3373 G.

157 3399 199 3456 ib.
217 3398 267 3456 24.
289 3398 377 3457 Hunc
397 3419 425 3459 v.
441 3402 521 3457 recte
533 3403 570 3457 nt
583 3402 657 3474 puto
676 3415 713 3457 ex
731 3400 830 3474 priore
845 3399 882 3458 ab
896 3397 1056 3470 interpola-

95 3484 161 3541 tore
175 3481 336 3541 confictum
350 3483 426 3542 dixit
439 3483 595 3542 Fischerue
614 3483 647 3542 in
667 3483 784 3542 dissert.
800 3482 836 3540 de
849 3483 921 3540 loeis
936 3478 1056 3554 quibus-

95 3565 164 3626 dam
179 3567 383 3642 Propertianis
397 3568 519 3628 Bonnae
535 3568 617 3627 1863
632 3567 711 3626 edite
725 3585 775 3642 pg.
792 3567 842 3623 31.
