2486 4010
40 206 153 278 XXV]
453 206 561 260 LIBER
582 207 645 263 1111.
995 202 1032 266 91

42 368 151 433 Mens
175 368 281 450 bona,
305 368 396 452 siqua
417 367 515 452 deas,
537 372 594 434 tua
613 391 665 434 me
687 369 720 433 in
744 371 882 435 sacraria
904 370 999 435 done.

90 452 306 518 Exciderunt
330 452 427 517 surdo
449 455 499 518 tot
519 475 591 518 mea
612 457 689 518 vota
709 453 789 519 Iovi.
1001 467 1036 517 20

474 591 628 602 ——n——uun

498 667 610 742 XXV.

47 792 159 859 Risus
186 811 274 854 eram
294 789 409 873 positis
430 790 515 856 inter
537 791 684 856 convivia
704 792 838 876 mensis,

99 876 149 940 Et
174 875 215 938 de
237 896 287 938 me
308 877 436 959 poterat
457 876 592 960 quilibet
613 897 682 940 ease
704 877 830 959 loquax.

50 959 217 1042 Quinque
237 959 297 1022 tibi
318 960 409 1042 potui
431 961 549 1025 servire
570 961 707 1026 fideliter
728 980 847 1024 annos:

101 1043 230 1126 Vngue
250 1065 355 1107 meam
376 1065 483 1109 morso
509 1066 603 1128 saepe
625 1065 754 1128 querere
776 1044 881 1108 fidem.

52 1127 118 1193 Nil
141 1147 277 1191 moveor
298 1127 452 1194 lacrimis:
474 1129 537 1193 ista
559 1151 630 1192 aum
653 1132 766 1211 captus
787 1128 827 1192 ab
849 1131 931 1214 artc3
1017 1139 1035 1192 t

104 1211 243 1294 Semper
264 1211 304 1274 ab
325 1212 466 1297 insidiis,
490 1211 643 1297 Cynthia,
665 1213 741 1278 flere
763 1213 856 1278 solea.

59 1295 172 1360 Flebo
194 1317 254 1380 ego
277 1296 459 1380 discedens,
481 1297 537 1362 sed
558 1297 669 1362 fletum
689 1297 807 1363 iniuria
827 1298 948 1362 vincet:

110 1379 165 1444 Tu
184 1379 266 1445 bene
289 1381 482 1446 conveniens
505 1403 573 1446 non
595 1383 674 1446 sinis
696 1383 742 1446 ire
763 1383 885 1468 iugum.

58 1465 195 1529 Limina
215 1466 280 1528 iam
301 1469 420 1529 nostris
441 1466 571 1530 valeant
592 1466 793 1530 lacrimantia
815 1467 937 1548 verbis,

106 1548 180 1615 Nec
201 1553 311 1613 tamen
331 1549 413 1614 irata
434 1550 530 1614 ianua
550 1551 652 1614 fracta
672 1571 781 1613 manu.
1002 1561 1035 1610 10

58 1635 111 1698 At
132 1637 168 1697 te
189 1633 299 1698 celatis
321 1637 408 1698 aetas
430 1633 537 1720 gravis
559 1636 673 1730 urgeat
693 1634 803 1716 annia,

107 1717 157 1782 Et
176 1718 286 1782 veniat
306 1718 428 1784 formae
448 1741 530 1803 ruga
551 1719 682 1782 simetra
701 1722 787 1783 tuae.

59 1801 194 1866 Vellere
215 1805 284 1866 tum
307 1805 415 1887 cupias
436 1803 527 1868 albos
549 1825 568 1866 a
589 1803 689 1886 stirpe
712 1801 844 1886 capillos
849 1850 859 1885 ,

106 1889 157 1969 Α,
180 1887 311 1972 speculo
332 1909 429 1973 rugas
450 1888 662 1971 increpitante
683 1886 759 1968 tibi,

61 1971 207 2037 Exclusa
227 1971 325 2055 inque
346 1973 447 2038 vicem
468 1973 571 2036 fastus
592 1971 715 2055 patiare
738 1969 908 2054 superbos,
1002 1981 1035 2030 15

105 2055 154 2120 Et
175 2077 255 2140 quae
277 2056 385 2122 fecisti
407 2057 493 2122 facte
514 2056 655 2140 queraris
679 2077 767 2120 anus.

63 2139 136 2206 Has
155 2140 217 2203 tibi
238 2140 346 2205 fatalis
369 2141 485 2208 cecinit
505 2162 577 2205 mea
597 2140 717 2224 pagina
739 2139 834 2206 duae.

107 2223 272 2290 Eventum
291 2226 413 2292 formae
436 2226 522 2291 disce
543 2226 657 2290 timere
677 2227 761 2290 tuae.
