2470 4010
213 211 285 260 Lxx
587 197 802 254 PRAEFATIO.

276 367 342 426 Hoc
366 370 496 426 metrum
521 365 558 424 ab
583 367 679 424 aetate
703 365 773 426 inde
798 369 953 426 cautorum
972 366 1174 442 Euphorionis

215 449 296 529 (nam
310 451 341 510 hi
355 451 445 526 primi
459 448 619 528 noverunt)
635 449 721 511 valde
732 451 790 508 luit
799 451 944 525 populare
955 451 1101 523 Romame,
1117 451 1172 510 do

213 555 268 596 nec
283 535 398 594 saeculo
414 555 443 610 p.
460 533 529 594 Chr.
544 553 574 593 n.
589 533 621 592 ll
640 533 672 594 in
687 534 911 592 desuetudinem
926 535 1009 594 obire
1023 536 1126 610 coepit.

279 619 399 678 Solutus
414 620 488 678 arsis
502 619 638 694 exempla
651 618 710 676 trie
726 614 788 696 [22
806 621 855 678 19.
871 620 921 695 37,
937 620 967 676 5.
982 619 1034 692 59,
1049 615 1093 698 3],
1111 637 1171 678 noc

213 703 271 763 nisi
289 704 322 761 in
341 703 493 763 vocabulis
519 703 587 779 plus
613 721 702 777 quarn
725 702 893 778 disyllabis,
919 704 954 760 ut
977 705 1172 778 excerpantur

212 786 332 862 quidem
353 805 388 846 ea
401 806 477 862 quae
499 786 616 861 dactylo
637 786 816 844 clauduntur
830 786 959 859 omnino,
975 805 1051 862 quae
1064 787 1170 846 tribra-

214 870 267 930 cho
282 871 433 943 hactenus,
454 870 534 945 quod
547 871 579 928 in
593 870 699 930 horum
713 870 836 930 ultimas
849 870 922 930 duas
936 871 1069 945 syllabas
1080 871 1168 932 licen-

212 953 286 1013 tiam
299 956 384 1013 illem
398 954 501 1012 cadere
514 954 607 1012 nefas.

277 1037 406 1098 (laesura
425 1037 501 1098 etin
520 1036 714 1113 hipponaoteo
734 1037 871 1098 trimetro
890 1041 922 1098 ct
941 1039 974 1098 in
995 1037 1170 1099 archilochio

212 1123 302 1197 longe
318 1123 434 1196 saepius
452 1121 716 1196 penthemimeres3
736 1121 1005 1197 hephtheruimeros
1024 1141 1084 1182 non
1097 1122 1170 1180 inci-

213 1205 259 1264 dit
277 1205 336 1265 nisi
354 1203 439 1266 finita
452 1224 506 1264 sou
525 1209 595 1282 port
607 1207 728 1266 tertiam
741 1207 840 1268 thesin
861 1203 930 1283 (hoc
943 1209 989 1266 est
1002 1209 1071 1281 post
1084 1225 1169 1282 quar·

212 1292 275 1348 tam
290 1290 315 1348 si
329 1287 572 1368 interpungatur)
588 1309 641 1350 seu
653 1294 723 1366 post
736 1291 817 1355 arsin
830 1291 955 1352 alteram
969 1309 1051 1352 vocs.

278 1373 377 1434 Semel
390 1375 494 1434 tmesis
508 1374 690 1438 instituenda
707 1370 769 1452 [⁴29,
786 1372 838 1454 22]

377 1459 436 1518 nisi
449 1461 538 1518 uncta
552 1453 602 1539 de!
615 1475 720 1519 vorare
736 1455 741 1536 l
757 1460 946 1534 patrimonia.

213 1541 351 1601 Vidende
365 1561 440 1618 quee
455 1561 550 1618 nuper
563 1543 691 1602 diximus
705 1563 745 1602 m.
761 1545 816 1604 Rh.
831 1543 949 1604 XXIIII
962 1562 1013 1620 pg.
1029 1543 1089 1603 314
1104 1561 1167 1618 sqq.

277 1625 413 1685 Tertium
427 1626 533 1702 pedem
548 1627 705 1703 spondiaco
719 1645 791 1687 voce
805 1631 940 1688 constare
954 1628 1053 1702 nefas3
1068 1645 1168 1686 mono-

214 1710 363 1786 syllabum
376 1712 409 1770 in
422 1711 481 1770 fine
491 1710 696 1771 trimetrorum
707 1712 838 1787 positum
847 1731 909 1771 non
918 1712 1008 1778 hebes
1022 1712 1081 1772 ulsi
1093 1710 1169 1769 illud

212 1799 254 1856 eso
268 1799 299 1854 et
312 1795 448 1872 legitima
462 1795 516 1855 sub
531 1795 617 1854 venia
633 1791 694 1873 [29,
713 1798 761 1855 16.
777 1797 828 1869 44,
845 1793 887 1874 21.

275 1879 328 1940 VI.
351 1879 512 1955 septenarii
525 1880 644 1938 iambici
661 1875 697 1957 [c.
714 1875 766 1958 25]

414 1957 908 2044 vrcr(:'ncrlvn‘„nvnv

364 2062 483 2121 cinaede
498 2063 602 2122 Thalle
615 2065 737 2125 mollior
750 2066 877 2125 cuniculi
891 2053 1007 2140 capillo.

276 2145 344 2204 VH.
367 2164 470 2205 versus
488 2145 632 2221 phalaeoii
654 2145 690 2228 [c.
708 2151 799 2208 1—3.
816 2151 952 2209 t-⁷.9.
970 2149 1017 2208 10.
1036 2149 1166 2205 12—16.

215 2230 263 2288 18.
281 2229 329 2287 23.
347 2230 397 2288 24.
414 2229 547 2288 26-28.
564 2232 614 2290 32.
627 2234 676 2292 33.
693 2233 743 2293 35.
760 2235 809 2294 36.
826 2236 875 2295 38.
887 2235 1022 2294 40-43.
1034 2233 1166 2291 45-50.

415 2636 461 2694 oui
477 2635 554 2697 dono
569 2638 702 2713 lepidum
716 2660 826 2702 novom
840 2641 976 2700 libellum

414 2737 495 2778 meas
510 2740 574 2782 esse
589 2727 701 2802 aliquid
714 2729 820 2802 putare
834 2743 939 2802 nugas.

275 2803 340 2864 Hoc
359 2807 490 2863 metrum
510 2807 651 2872 aLaovio
671 2814 701 2870 et
715 2810 849 2870 Varrone
862 2812 1005 2869 neretum
1020 2808 1093 2866 odeo
1107 2807 1167 2882 plo·

213 2890 274 2950 cuit
294 2891 390 2965 poetis
405 2889 522 2950 Latinis
542 2895 578 2950 ut
596 2896 682 2956 citius
696 2895 822 2954 Romani
842 2893 959 2969 imperii
973 2912 1062 2968 quam
1076 2890 1167 2968 ipsius

212 2972 306 3032 honos
327 2976 449 3049 periret.
480 2974 575 3046 Quam
595 2980 688 3039 fuerit
706 2979 848 3058 populere
863 2979 912 3036 rel
932 2995 966 3036 ea
984 2996 1018 3035 re
1038 2977 1168 3052 apparet,

213 3057 293 3132 quod
296 3058 487 3200 tpllerumquo
508 3063 636 3137 simplici
648 3063 962 3142 hendecasyllaborum
976 3062 1096 3120 nomine
1110 3078 1167 3118 me-

212 3160 312 3324 morIn
331 3185 397 3291 basi
416 3232 570 3292 trochaeus
590 3236 623 3291 et
642 3232 790 3307 spondeus
811 3249 878 3288 cum
901 3231 1000 3290 iambo
1025 3230 1170 3288 habentur

212 3330 433 3458 PlOnlIlrsasseutzreu
452 3399 485 3456 iu
505 3399 633 3457 carmine
654 3400 694 3457 55
715 3398 791 3458 mira
808 3399 941 3472 licentia,
968 3399 1050 3458 ouius
1070 3401 1169 3456 tamen

213 3502 330 3544 oausam
351 3482 508 3544 retulimus
524 3482 594 3542 libri
608 3485 703 3543 nostri
718 3502 768 3562 pg.
786 3486 846 3544 166
863 3481 941 3561 (eam
955 3483 1070 3560 primus
1083 3482 1169 3541 intel·
