2486 4010
203 250 264 316 102
590 253 784 310 rauranum
1093 257 1178 327 [rur

264 418 348 482 Nam
372 417 482 499 Vesta,
504 415 621 480 Iliaoue
642 416 720 483 felix
740 415 841 479 tutela
861 415 1001 497 favillae,

216 514 250 564 πο
306 501 440 585 Culpam
462 501 521 564 alit
542 505 576 564 et
595 500 703 583 plures
726 499 836 564 condit
856 501 892 564 in
913 521 986 565 ossa
1007 500 1102 565 faces.

264 585 326 649 Illa
346 586 420 668 ruit,
444 584 546 668 qualis
568 585 704 648 celerem
724 605 824 670 prope
844 583 1085 650 Thermodonta

307 669 487 754 Strymonis
510 669 650 734 abscisso
672 668 776 732 fertur
796 671 907 752 aperta
929 669 1009 734 sinu

264 753 346 818 Vrbi
367 754 468 817 festus
490 755 558 818 erat
580 753 701 838 (dixere
722 752 842 817 Parilia
861 757 981 836 patres,

307 837 370 901 Hic
391 838 513 921 primus
535 837 642 920 eoepit
662 835 829 902 moenibus
852 839 930 921 esse)
954 837 1039 922 dies,

216 933 250 984 '15
264 922 383 986 Annua
402 925 567 1006 pastorum
590 922 750 1004 convivia,
771 921 859 986 lusus
881 921 916 986 in
936 922 1025 1006 urbe,

310 1005 391 1071 (lum
411 1027 538 1091 pagana
558 1005 690 1069 madent
710 1005 831 1070 fereula
852 1005 990 1089 deliciis,

266 1090 409 1174 Cumque
432 1111 527 1174 super
547 1111 637 1154 raros
659 1090 746 1154 faeni
766 1089 958 1154 flammantis
980 1111 1111 1158 acervos

308 1173 429 1238 Traiuit
450 1174 620 1240 inmundos
643 1174 732 1238 ebria
752 1175 846 1238 turba
866 1175 971 1258 pedes.

264 1257 420 1322 Romulus
442 1258 590 1322 excubias
609 1257 754 1336 decrevit
774 1259 810 1322 in
833 1259 897 1322 otia
919 1258 999 1322 solvi

215 1353 250 1404 80
305 1342 336 1405 A
372 1363 412 1406 ue
433 1341 615 1406 intermissa
637 1345 740 1407 castra
762 1343 855 1406 silere
876 1342 963 1406 tuba.

212 1471 215 1478 f
264 1425 336 1492 Hoc
386 1427 493 1510 arpeia
514 1447 605 1490 suum
626 1429 752 1510 tempus
767 1429 837 1490 rata
857 1428 1008 1492 convenit
1021 1428 1173 1496 hostem:

306 1510 404 1575 Pacta
425 1511 514 1596 ligat,
537 1511 638 1594 pactis
659 1511 731 1594 ipsa
751 1511 859 1574 futura
882 1532 998 1576 eomes.

265 1595 362 1660 Mons
385 1599 453 1660 erat
475 1617 608 1662 ascensu
631 1595 745 1660 dubius
767 1595 912 1680 festoque
933 1597 1105 1662 remissus:

308 1678 377 1746 Nec
399 1701 498 1762 mora,
520 1680 647 1744 vocales
669 1683 804 1764 occupat
826 1701 900 1744 ense
923 1701 1027 1746 canes.

215 1775 249 1828 05
264 1763 381 1829 Omnia
401 1764 598 1848 praebebant
618 1783 765 1828 somnos:
787 1763 843 1828 sed
864 1764 1009 1848 Iuppiter
1030 1787 1116 1830 unus

308 1847 458 1912 Decrevit
479 1849 592 1932 poenis
614 1848 782 1932 invigilare
804 1849 877 1913 tuis.

264 1932 453 1997 Prodiderat
466 1936 640 2015 portaeque
661 1933 757 1997 fidem
778 1933 976 2018 patriamque
998 1933 1175 2021 iacentem,

307 2016 521 2186 Nubendipue
542 2017 640 2101 petit,
654 2038 757 2114 ‘quem
778 2016 857 2081 velit
876 2017 961 2102 ipse,
986 2017 1079 2081 diem.

264 2100 311 2166 At
331 2100 447 2202 Tatius¹
480 2123 582 2186 neque
611 2121 696 2165 emm
725 2101 837 2166 sceleri
864 2101 951 2165 dedit
978 2101 1080 2166 hostis
1111 2101 1177 2168 ho·

216 2281 250 2331 90
308 2267 425 2332 ‘Nube'
450 2270 495 2332 ait
517 2273 561 2334 ‘et
575 2271 667 2354 regni
690 2189 935 2334 seandenddbde)
952 2270 1037 2334 mei!

265 2351 365 2434 Dixit,
388 2354 421 2415 et
441 2352 576 2436 ingestis
599 2354 750 2417 comitum
772 2375 867 2436 super
889 2355 995 2417 obruit
1017 2354 1126 2422 armis

308 2436 406 2518 Haeo,
429 2435 531 2519 virgo,
555 2435 669 2500 officiis
692 2436 750 2500 dos
774 2441 842 2501 erat
863 2440 937 2520 apta
957 2438 1030 2501 tuis.

265 2521 297 2586 A
319 2521 397 2585 duoe
419 2519 555 2604 Tarpeia
574 2541 668 2584 mons
691 2524 741 2585 est
764 2542 943 2606 cognomen
964 2522 1115 2606 adeptus:

309 2605 336 2670 Ο
359 2605 450 2691 vigil,
473 2605 592 2672 iniuste
613 2607 754 2690 praemia
777 2606 870 2672 sortis
892 2606 998 2672 habes.

658 2819 702 2894 V.

266 2943 365 3008 Terra
385 2946 477 3006 tuum
499 2942 601 3025 spinis
623 2941 767 3025 obducat,
791 2943 874 3026 lena,
898 2963 931 3006 se
955 2942 1112 3027 ulchrum,

309 3028 353 3093 nt
374 3031 438 3109 tua,
460 3026 545 3110 quod
566 3048 634 3090 non
659 3027 717 3110 vis,
741 3027 858 3090 sentiat
879 2965 991 3090 umbra
1012 3027 1099 3090 sitim

267 3110 337 3177 Nee
359 3111 491 3176 sedeant
513 3111 612 3176 cineri
627 3109 749 3194 Manes,
773 3113 805 3175 et
827 3109 983 3176 Cerberus
1005 3111 1091 3175 ultor

309 3195 428 3279 Turpia
448 3195 554 3259 ieiuno
576 3198 694 3260 terreat
716 3216 788 3259 ossa
809 3215 899 3260 sono.

238 3278 374 3342 tDoeta
395 3279 447 3341 vel
467 3277 680 3363 Hippolytum
694 3279 815 3343 Veneri
835 3279 961 3344 mollire
982 3282 1176 3372 negantem,

312 3359 533 3443 Concordique
555 3369 627 3428 toro
649 3363 788 3448 pessima
810 3385 935 3449 semper
956 3365 1039 3449 avis,

267 3445 453 3528 Penelopen
474 3467 600 3529 quoque
621 3450 770 3534 neglecto
785 3471 912 3514 rumore
933 3449 1042 3518 mariti

186 3588 188 3594 ,
311 3529 439 3628 Nubere
461 3529 580 3597 lascivo
603 3538 733 3621 cogeret
754 3535 908 3604 Antinoo.
