2486 4010
71 217 182 288 nnn]
475 213 583 269 arana
603 215 652 271 m

121 378 173 444 Et
191 377 297 462 patria
318 375 450 441 Phoebo
473 377 575 442 carius
598 375 742 462 Ortygia.
1016 392 1050 438 10

75 463 120 528 In
143 483 209 546 quo
231 460 316 526 Solis
339 463 407 524 erat
428 481 525 544 supra
545 461 676 544 fastigia
697 482 820 545 currus,

122 546 171 610 Et
190 545 317 627 valvae,
338 543 452 628 Libyci
472 544 581 608 nobile
603 545 708 610 dentis
729 566 809 630 opus
815 595 825 630 ,

78 631 197 694 Altera
217 629 360 694 deiectos
382 627 516 692 Parnasi
537 630 654 694 vertice
678 628 803 713 Gallos,

123 715 239 778 Altera
259 713 423 778 maerebat
443 713 557 777 funera
578 713 774 779 Tantalidos.

81 798 210 864 Deinde
231 797 318 862 inter
338 799 473 862 matrem
496 795 573 862 deus
595 798 663 883 ipse
685 799 830 882 interque
852 817 993 864 sororem
1016 812 1050 860 15

124 881 262 966 Pythius
283 881 319 945 in
340 881 439 968 longa
461 882 603 946 carmina
623 886 712 948 veste
734 885 837 948 sonat.

415 1097 517 1170 xxx
546 1097 722 1192 [nram.

84 1220 148 1296 Qui
169 1219 270 1304 videt,
294 1219 322 1284 is
343 1223 469 1304 peccat:
492 1220 546 1304 qui
567 1224 600 1285 tc
620 1242 689 1286 non
709 1220 826 1286 viderit
848 1242 942 1307 ergo,

125 1303 204 1368 Non
226 1303 346 1388 cupiet:
367 1304 445 1368 facti
467 1304 588 1370 lumina
610 1306 731 1371 crimen
752 1306 881 1372 habent.

83 1387 171 1454 Nam
215 1388 270 1451 uid
292 1387 457 1452 Praenesti
478 1387 605 1473 dubias,
629 1412 648 1454 o
672 1390 825 1474 Cynthia,
847 1393 965 1474 sortes,

127 1410 215 1547 Quid
234 1473 317 1556 petis
339 1473 440 1536 Aeaei
460 1475 588 1538 moenia
609 1473 784 1558 Telegoni?

85 1555 151 1623 Cur
173 1558 229 1621 aut
250 1560 282 1620 te
304 1555 497 1622 Herculeum
518 1557 689 1644 deportant
710 1557 820 1621 esseda
841 1555 962 1620 Tibur?
1031 1568 1050 1618 o

126 1640 236 1724 Appia
258 1661 313 1704 cur
333 1641 454 1705 totiens
474 1644 507 1704 te
528 1643 581 1706 via
602 1641 690 1707 ducit
711 1641 814 1705 anus?

84 1723 156 1789 Hoc
176 1725 302 1790 utinam
322 1725 459 1808 spatiere
480 1725 568 1809 loeo,
592 1725 811 1810 quodcumque
833 1724 975 1808 vacabis,

131 1808 284 1892 Cynthia!
307 1831 382 1874 narn
403 1809 464 1874 tibi
484 1831 536 1874 me
559 1811 685 1875 credere
706 1809 800 1874 turba
820 1811 922 1891 vetat,

85 1893 169 1958 Cum
191 1893 279 1958 ridet
299 1894 441 1958 accensis
463 1893 609 1958 devotam
632 1916 755 1960 currere
776 1893 878 1957 taedis

129 1976 171 2040 In
191 1999 304 2042 nemus
327 1980 359 2042 et
380 1977 505 2042 Triviae
527 1979 650 2044 lumina
671 1979 754 2043 ferre
777 1977 862 2042 deae.
1017 1988 1050 2037 ιο

86 2061 217 2127 Scilicet
238 2061 397 2126 umbrosis
420 2063 527 2127 sordet
547 2063 702 2148 Pompeia
723 2061 879 2127 columnis

127 2144 290 2229 Porticus,
313 2145 431 2210 aulaeis
453 2147 572 2212 nobilis
592 2148 756 2230 Attalicis,

85 2231 131 2296 Et
152 2231 263 2294 creber
282 2229 422 2315 platanis
444 2232 564 2316 pariter
586 2232 789 2330 surgentibus
811 2231 907 2315 ordo,

129 2314 278 2378 Flumina
300 2315 403 2399 sopito
426 2335 567 2400 quaeque
586 2317 716 2382 Amone
738 2317 869 2399 cadunt,

89 2398 151 2462 Tot
172 2399 284 2463 leviter
305 2399 371 2482 lym
394 2398 445 2463 his
466 2403 535 2464 tota
558 2401 785 2486 crepitantibus
806 2400 884 2464 urbe
1018 2407 1050 2458 15

130 2481 213 2548 Cum
235 2483 340 2547 subito
411 2485 477 2548 'ton
499 2507 554 2550 ore
574 2487 720 2551 recondit
741 2507 863 2570 aquam.

88 2566 239 2650 Falleris,
261 2567 324 2630 ista
344 2567 392 2630 tui
413 2568 533 2632 furtum
555 2571 608 2633 ria
627 2571 788 2634 monstrat
808 2567 942 2631 amoris:

129 2651 208 2716 Non
228 2650 357 2734 urbem,
380 2651 525 2736 demens,
546 2653 669 2717 lumina
689 2655 801 2716 nostra
820 2650 923 2734 fugis:

88 2735 145 2800 Nil
168 2735 252 2820 agis,
275 2735 408 2800 insidias
431 2739 466 2800 in
487 2759 539 2800 me
561 2737 715 2821 conponis
737 2735 862 2817 inanes,

129 2820 249 2883 Tendis
271 2820 356 2884 iners
380 2820 473 2886 docto
495 2821 578 2886 retia
598 2824 675 2888 nota
696 2819 785 2885 mihi.
1016 2828 1051 2878 2⁰

90 2903 153 2968 Sed
175 2904 214 2968 dc
237 2905 415 2970 meminus
438 2909 501 2971 est:
523 2907 628 2971 famae
648 2907 770 2970 iactum
790 2900 924 2988 pudicae

130 2988 236 3052 Tanta
256 2989 318 3052 tibi
338 2990 486 3074 miserae,
510 2993 629 3074 quanta
649 2988 795 3070 mereris,
819 2988 888 3051 erit.

88 3071 200 3157 Nuper
221 3073 308 3136 enim
330 3072 368 3137 de
389 3077 422 3138 tc
443 3076 570 3140 nostras
591 3078 673 3157 †me
694 3071 793 3137 laedit
813 3071 854 3135 ad
876 3091 967 3135 aures

130 3156 267 3240 Rumor,
290 3159 323 3220 et
343 3157 378 3221 in
398 3161 467 3224 tota
488 3180 555 3223 non
575 3159 678 3238 bonus
699 3157 777 3221 urbe
799 3155 870 3222 fuit.

91 3238 152 3304 Sed
174 3244 210 3304 tu
231 3262 298 3305 non
320 3241 416 3307 debes
437 3244 585 3308 inimicae
608 3242 734 3307 credere
755 3241 900 3326 linguae:
1017 3249 1051 3300 25

132 3323 265 3408 Semper
285 3325 435 3392 formosis
456 3328 564 3392 fabula
585 3348 689 3412 poena
709 3326 781 3391 fuit.

91 3405 166 3472 Non
186 3413 242 3473 tua
265 3409 421 3494 deprenso
444 3413 623 3477 damnatast
644 3412 731 3476 fama
750 3431 888 3476 veneno:

134 3491 237 3557 Testis
261 3495 323 3560 eris
345 3518 457 3580 puras,
480 3495 624 3581 Phoebe,
648 3497 755 3561 videre
776 3514 899 3559 manue.
