2476 4018
69 215 119 286 tt]
478 214 586 270 LIBER
607 217 655 273 Ill.
1004 213 1047 278 35

118 376 188 452 Qui
211 378 307 460 caput
328 377 361 440 et
382 375 501 462 digitos
524 381 556 442 et
576 378 698 475 lumina
718 379 812 476 nigra
823 381 957 528 fpuellae

166 460 213 524 Et
236 463 329 525 canat
348 464 387 525 ut
408 463 533 526 soleant
553 464 694 527 molliter
714 485 760 528 ne
781 486 821 548 pe
845 487 886 529 es.

488 594 641 602 —-——--—

451 676 523 748 nn
550 677 677 770 [rura

119 799 203 866 Non
224 801 275 862 tot
296 798 519 863 Achaemeniis
542 804 704 865 armantur
726 800 807 868 Susa
829 803 968 888 sagittis,

169 882 299 967 Spicula
319 886 399 966 quot
419 886 530 948 nostro
552 888 681 967 pectore
702 886 774 950 fixit
794 885 904 951 Amor.

122 967 190 1032 Hic
213 989 264 1032 me
285 971 352 1031 tam
375 969 511 1051 graciles
532 970 635 1033 vetuit
656 974 859 1035 contemnere
880 970 1004 1056 Musas,

168 1051 267 1116 Iussit
288 1054 321 1115 et
341 1053 516 1116 Ascraeum
539 1054 586 1118 sic
606 1053 750 1118 habitare
771 1076 898 1138 nemus,

120 1137 202 1202 Non
223 1140 260 1198 ut
281 1135 402 1200 Pieriae
424 1158 558 1220 quercus
579 1159 651 1202 mea
671 1139 768 1203 verba
790 1143 975 1224 sequantur,
1030 1151 1047 1201 o

167 1220 235 1284 Aut
256 1221 377 1304 possim
398 1221 533 1285 Ismaria
554 1222 668 1286 ducere
689 1223 771 1288 valle
793 1224 893 1307 feras,

122 1305 189 1370 Sed
211 1305 313 1390 magis
335 1308 372 1368 ut
391 1308 502 1369 nostro
525 1308 674 1390 stupefiat
695 1307 834 1392 Cynthia
854 1330 962 1374 versu:

168 1388 259 1452 'lbmc
281 1411 341 1476 ego
364 1389 425 1454 sim
446 1389 579 1454 Inachio
602 1393 710 1456 notior
731 1396 799 1458 arte
821 1392 913 1457 Lino.

120 1472 203 1539 Non
225 1495 285 1558 ego
307 1496 377 1538 sum
399 1474 521 1538 formae
543 1479 668 1542 tantum
689 1477 822 1540 mirator
843 1477 1011 1560 honestae,

167 1557 238 1624 Nec
259 1557 350 1641 siqua
372 1559 521 1624 inlustres
543 1559 664 1624 femina
685 1560 783 1624 iactat
803 1580 895 1624 avos:
1015 1574 1048 1622 1o

120 1642 178 1707 Me
200 1643 287 1706 iuvet
307 1643 342 1706 in
363 1644 486 1727 gremio
509 1644 621 1708 doctae
643 1644 760 1728 legisse
782 1644 922 1726 puellae,

167 1727 307 1790 Auribus
331 1730 363 1791 et
383 1728 470 1812 puris
494 1729 612 1812 scripta
633 1728 785 1812 probasse
807 1747 889 1791 mea.

121 1810 217 1876 Haec
236 1811 291 1874 ubi
314 1813 523 1897 contigerint,
545 1813 657 1896 populi
678 1813 812 1877 confusa
833 1812 939 1876 valeto

168 1894 314 1959 Fabula:-
326 1917 402 1960 nam
425 1896 555 1961 domina
575 1895 679 1960 iudice
700 1900 790 1960 tutus
813 1917 877 1959 ero.

123 1977 215 2056 Quae
237 1980 265 2043 si
285 1979 368 2045 forte
391 1981 491 2045 bonas
514 1981 554 2045 ad
575 2001 687 2065 pacem
709 1980 839 2044 verterit
860 2001 970 2063 aures,
1015 1993 1047 2042 15

168 2064 305 2128 Possum
326 2065 511 2130 inimicitias
533 2069 611 2129 tunc
633 2087 693 2150 ego
716 2065 799 2129 ferre
820 2063 916 2129 Iovis.

491 2205 643 2214 -1-———

545 2279 588 2354 V.

125 2404 396 2488 Quandocumque
408 2404 507 2488 igitur
517 2406 647 2468 nostros
658 2403 883 2488 morsfclaudet
893 2405 1026 2486 ocellos,

168 2490 288 2573 Accipe
311 2510 391 2572 quae
414 2510 519 2553 serves
541 2488 662 2553 funeris
685 2493 756 2554 acta
776 2491 849 2554 mei.

124 2573 195 2639 Nec
217 2595 287 2638 mea
308 2576 385 2638 tunc
407 2575 505 2670 longa
527 2574 682 2657 spatietur
703 2575 843 2656 imagine
864 2593 996 2656 pompa,

167 2657 237 2723 Nec
258 2658 337 2721 tuba
359 2657 401 2721 sit
421 2657 481 2722 fati
503 2677 585 2720 vana
607 2657 834 2738 querela'mei,
1013 2668 1047 2716 20

94 2742 198 2808 oNec
219 2741 300 2806 mihi
320 2745 398 2805 tunc
419 2741 522 2805 fulcro
545 2742 705 2804 sternatur
726 2740 827 2803 lectus
850 2738 985 2820 eburno,

169 2825 239 2890 Nec
262 2827 305 2890 sit
325 2827 360 2890 in
382 2826 523 2890 Attalico
546 2845 632 2888 mors
654 2843 726 2888 mea
746 2824 822 2886 nixa
842 2826 922 2887 toro.

124 2910 220 2976 Desit
242 2910 411 2975 odoriferis
434 2909 511 2974 ordo
533 2908 614 2973 mihi
635 2908 795 2990 lancibus,
819 2906 927 2970 adsint

170 2993 280 3058 Plebei
301 3016 417 3078 parvae
439 2994 560 3058 funeris
582 2993 741 3076 exequiae.

125 3079 186 3144 Sat
199 3101 271 3143 mea
286 3081 336 3142 sat
349 3082 512 3164 magnast,
529 3078 556 3141 si
571 3081 637 3141 tres
652 3078 717 3141 sint
730 3097 850 3159 pompa
862 3075 973 3158 libelli,
1015 3088 1048 3137 25

80 3177 116 3227 10
174 3162 261 3238 Quos
283 3185 344 3248 ego
366 3162 589 3247 Persephonae
611 3161 749 3224 maxima
770 3160 854 3223 dona
875 3160 984 3225 feram.

124 3248 177 3313 Tu
198 3269 272 3312 vero
294 3247 415 3312 nudum
437 3249 548 3332 pectus
570 3246 707 3310 lacerata
728 3245 883 3330 sequeris,

170 3331 240 3396 Nec
261 3333 360 3396 fueris
382 3353 501 3396 nomen
521 3332 607 3395 lassa
627 3351 739 3394 vocare
760 3351 881 3412 meum,

126 3416 308 3500 Osculaque
331 3417 365 3480 in
387 3416 500 3501 gelidis
522 3435 623 3499 pones
646 3437 793 3499 suprema
814 3415 953 3495 labellis,

172 3499 253 3566 Cum
275 3501 402 3565 dabitur
424 3500 515 3585 Syrio
537 3521 668 3565 munere
690 3500 803 3583 plenus
825 3520 920 3579 onyx.
1016 3508 1051 3556 so

865 3597 899 3649 3⁸
