2486 4010
57 211 111 284 m]
455 215 563 271 nmen
583 215 618 271 v.
866 189 869 195 ’
959 211 1018 274 117

95 375 181 450 Quin
204 376 272 438 erat
292 377 326 440 et
346 396 482 460 magnae
503 399 577 461 pars
599 377 753 442 imitanda
775 378 897 443 domus.

57 457 121 522 Nec
142 479 216 522 mee
236 461 389 524 mutatest
409 463 508 544 aetas,
531 463 600 526 sine
624 462 755 527 crimine
776 465 892 527 totast:
985 474 1018 523 45

94 542 242 608 Viximus
263 543 406 628 insignes
428 545 512 610 inter
532 549 697 630 utramque
718 547 833 610 facem.

1 683 2 688 ,
59 625 99 690 Mi
119 629 237 691 natura
258 626 346 692 dedit
366 629 453 714 leges
475 651 495 693 a
516 630 673 715 sanguine
695 630 814 714 ductas,

93 711 144 776 Ne
191 731 295 776 ossem
315 712 430 776 melior
450 712 563 779 iudicis
586 735 655 779 esse
675 717 773 780 metu.

58 734 221 869 Quaelibet
241 797 384 862 ausuras
405 797 444 861 de
464 818 516 861 me
537 798 619 862 ferat
639 819 720 863 urna
740 796 889 863 tabellas:

95 879 234 963 lbi-pior
255 879 387 946 adsessu
407 901 475 946 non
496 882 558 946 erit
578 882 644 946 ulla
664 904 747 966 meo,
964 893 1018 968 ⁴oo

57 963 112 1028 Vel
133 967 182 1046 tu,
205 984 285 1047 quae
306 965 430 1028 tardam
452 965 582 1030 movisti
603 966 679 1030 fune
701 965 864 1050 Cybeben,

95 1047 241 1132 Claudia,
262 1048 396 1113 turritae
417 1071 489 1113 rara
508 1050 656 1114 ministra
678 1050 766 1134 deae,

58 1129 112 1196 Vel
135 1132 198 1215 cni,
222 1133 398 1198 conmissos
421 1154 494 1198 cum
516 1135 617 1199 Vesta
636 1136 820 1219 reposceret
840 1135 943 1220 ignes,

93 1215 254 1280 Exhibuit
272 1217 362 1281 vivos
384 1217 532 1283 carbasus
555 1219 627 1284 alba
647 1219 750 1284 focos.

57 1297 120 1366 Nec
142 1304 186 1384 te,
210 1299 302 1365 dulce
324 1305 428 1386 caput,
450 1305 552 1366 mater
574 1301 750 1386 Scribonia,
773 1304 867 1369 laesi:
985 1313 1018 1364 55

94 1383 135 1448 ln
157 1406 209 1448 me
230 1387 389 1450 mutatum
411 1385 487 1468 quid
508 1385 572 1450 nisi
592 1387 660 1451 fata
679 1387 783 1452 velis?

56 1466 210 1534 Maternis
232 1468 343 1533 laudor
363 1469 503 1534 lacrimis
525 1469 676 1554 urbisque
698 1470 844 1554 querelis,

94 1551 239 1617 Defensa
261 1555 293 1617 et
338 1554 437 1618 emitu
460 1552 604 1618 Caesaris
626 1574 700 1619 ossa
719 1575 800 1618 mea.

24 1652 27 1657 ·
56 1633 112 1702 llle
134 1657 194 1701 sna
214 1639 292 1702 nata
336 1637 343 1651 ‘
392 1659 445 1702 am
465 1638 583 1702 vixisse
605 1658 747 1702 sororem

1 1799 2 1802 Ἴ
94 1720 256 1804 increpat,
278 1723 311 1786 et
331 1721 479 1788 lacrimas
502 1721 638 1786 vidimus
659 1722 706 1786 ire
727 1720 797 1786 deo.
986 1732 1020 1784 60

1 1813 2 1830 ³
56 1804 98 1868 llt
117 1808 230 1869 tamen
252 1805 371 1870 emenii
393 1826 567 1890 generosos
588 1805 687 1870 vestis
707 1805 856 1888 honores,

94 1887 167 1954 Nec
187 1909 260 1953 mea
281 1889 320 1953 de
342 1889 444 1954 sterili
465 1889 552 1954 facta
572 1890 685 1973 rapina
711 1888 816 1954 domo.

56 1971 111 2058 Tu,
135 1971 271 2056 Lepide,
305 1977 338 2036 et
364 1976 415 2056 tu,
437 1970 563 2057 Paulle,
598 1995 704 2038 meum
735 1977 811 2056 post
837 1972 903 2037 fata
933 1973 976 2037 le-

1 2097 2 2108 ,
663 2078 776 2121 vamen

1 2165 2 2204 l
96 2140 238 2206 Condita
252 2144 328 2206 sunt
348 2143 456 2206 vestro
477 2141 600 2206 lumina
620 2144 732 2206 nostra
753 2105 835 2206 siim.

1 2221 2 2280 l
55 2224 204 2288 Vidimus
226 2227 259 2288 et
280 2226 411 2290 fratrem
433 2225 545 2290 sellam
566 2226 745 2311 geminasse
774 2227 928 2312 curulem3
987 2237 1020 2288 oo

1 2335 2 2360 ÷
96 2309 220 2394 Consul
242 2331 304 2392 quo
326 2309 432 2374 factus
453 2314 607 2394 tempore,
630 2313 723 2394 rapta
743 2332 841 2376 soror.

1 2381 3 2464 l
57 2391 149 2475 Filia,
171 2395 209 2456 tu
231 2393 392 2476 specimen
415 2414 566 2459 censurae
587 2398 664 2458 nata
684 2397 845 2492 paternae,

1 2469 2 2558 l
95 2476 163 2542 Fac
184 2479 293 2541 teneas
314 2499 414 2542 unum
435 2499 496 2542 nos
517 2479 641 2542 imitata
661 2499 774 2543 vrrum.

1 2561 2 2591 ³
55 2559 98 2624 Et
121 2560 202 2624 serie
223 2559 334 2626 fulcite
356 2582 474 2645 genus:
495 2560 576 2625 mihi
599 2561 713 2644 cymba
732 2560 852 2625 volenti

97 2642 239 2710 Solvitur
260 2645 398 2709 aucturis
419 2647 471 2709 tot
491 2665 562 2708 mea
582 2643 651 2707 fata
671 2644 761 2708 meis.
987 2657 1020 2706 το

53 2726 145 2792 Haec
168 2731 218 2791 est
230 2728 362 2793 feminei
382 2737 503 2792 merces
526 2731 667 2792 extrema
688 2726 851 2811 triumphi,

94 2811 223 2876 Laudat
243 2813 299 2876 ubi
321 2813 489 2877 emeritum
509 2811 611 2877 libera
632 2812 720 2876 fama
739 2832 864 2895 rogum.

1 2891 2 2919 ³
52 2895 152 2961 Nunc
173 2895 235 2960 tibi
257 2896 444 2961 commendo
467 2897 647 2960 communia
666 2897 804 2980 pignora
824 2897 934 2960 natos:

94 2979 187 3044 Haec
209 3001 285 3044 cura
307 2984 339 3045 et
361 2980 460 3045 cineri
484 2982 585 3064 spirat
605 2981 714 3044 inusta
734 3000 816 3044 meo.

50 3064 203 3148 Frangere
226 3063 377 3128 maternis
398 3063 532 3147 vicibus,
555 3067 659 3147 pater:
681 3064 738 3127 illa
759 3083 903 3127 meorum
987 3075 1020 3126 75

97 3147 212 3212 Omnis
238 3149 299 3211 erit
321 3148 404 3212 collo
426 3148 520 3212 turba
541 3146 678 3212 fovenda
698 3150 763 3211 tuo.

50 3233 174 3298 Oscula
197 3251 270 3296 cum
292 3231 416 3298 dederis
438 3235 494 3296 tua
514 3231 675 3315 flentibus,
697 3230 785 3295 adice
807 3232 935 3296 matris:

97 3315 182 3379 Tota
204 3315 317 3380 domus
340 3315 446 3400 coepit
466 3338 552 3381 nunc
575 3335 655 3379 onus
678 3335 746 3379 esse
767 3318 867 3380 tuum.

47 3401 101 3464 Et
123 3399 228 3482 siquid
250 3399 407 3464 doliturus
431 3401 501 3482 eris,
525 3401 594 3463 sine
615 3399 751 3464 testibus
773 3399 852 3463 illisl

100 3481 182 3548 Cum
204 3485 343 3568 venient,
367 3484 460 3548 siccis
483 3483 592 3551 oscula
612 3483 689 3548 falle
711 3483 817 3567 genis!
987 3491 1021 3542 so
