2492 4022
463 217 676 274 PRAEFATIO.
1015 231 1054 280 XI

68 383 172 444 Idem
192 382 273 460 quod
293 381 365 442 dicit
383 383 478 443 videri
498 401 584 458 posse
605 386 711 444 Franc.
736 384 844 448 Paccio
870 386 908 446 ad
931 406 1053 446 manum

70 469 179 528 fuisse
199 467 403 526 membranam
424 469 534 528 nostris
554 471 763 544 vetustiorem,
786 490 908 546 prorsus
929 473 1052 531 fallitur.

71 552 177 630 Certe
197 570 258 612 non
276 551 335 610 fuit
355 551 467 610 maiore
486 552 676 628 integritate,
697 573 786 630 quam
806 555 946 630 reliquae.
975 555 1054 614 Nam

73 635 233 712 quidquid
254 636 417 696 lectionum
438 637 525 696 affert
538 636 664 696 Puccius
684 657 720 697 ex
740 656 793 698 suo
808 639 915 712 codice,
938 658 972 698 ea
986 659 1052 714 par-

75 720 143 780 tim
159 720 341 795 interpolata
355 738 420 779 esse
435 724 559 796 apparet
572 722 609 779 ab
619 722 697 782 Itale
712 724 811 782 neseio
827 741 885 798 quo
901 741 975 783 saec.
987 721 1055 796 XV,

74 805 198 880 partim
214 807 334 880 sumpta
347 803 384 862 de
398 806 545 879 excerptis
565 805 677 866 talibus
692 807 791 881 qualia
805 807 887 865 fuere
903 805 1054 866 Vincentii

76 892 115 948 et
132 887 278 965 Scaligeri
295 885 383 964 (quae
397 887 518 963 quidem
533 891 734 964 grammaticis
748 891 871 949 illorum
884 895 1055 966 temporum

77 972 253 1032 innotuisse
268 972 359 1032 etiam
374 972 493 1032 aliunde
509 977 639 1032 constat:
661 993 730 1032 nam
745 977 777 1033 st
789 973 880 1034 ABO
896 975 1053 1050 aliquando

77 1076 121 1117 ex
137 1056 181 1116 eis
196 1059 311 1116 traxere
326 1054 450 1133 labem).
478 1056 520 1116 llt
533 1057 569 1117 de
584 1059 691 1118 horum
705 1058 826 1134 quidem
840 1057 897 1118 fide
911 1058 972 1117 iam
987 1077 1054 1118 cum

78 1159 159 1201 cura
172 1138 343 1200 videndum.
851 1171 855 1178 =

151 1274 272 1334 Etenim
292 1293 360 1334 cum
379 1279 441 1334 tarn
455 1275 565 1335 novicii
581 1276 641 1335 sint
655 1279 776 1354 tamque
792 1279 924 1353 corrupti
939 1278 1053 1337 codices

79 1359 203 1419 Tibulli
222 1359 370 1418 librorum
389 1363 508 1418 tantum
526 1378 714 1434 aeramnae,
735 1362 907 1434 extiterunt,
928 1363 980 1438 qui
995 1366 1053 1420 sta·

79 1445 222 1515 tuerent,
244 1461 331 1518 saepe
352 1444 498 1518 excerptis
518 1444 561 1502 eis
581 1462 656 1520 quae
676 1445 708 1503 in
723 1444 820 1504 Gallia
841 1447 878 1504 ab
894 1463 968 1504 saec.
983 1445 1053 1504 inde

81 1527 180 1586 VIIII
194 1527 243 1586 vel
256 1527 284 1586 X
298 1527 433 1602 prodiere
454 1527 584 1585 multum
603 1546 657 1586 nos
677 1547 764 1603 posse
785 1529 880 1589 iuvari
902 1529 941 1586 ad
955 1547 1053 1587 emen-

82 1611 186 1670 danda
206 1613 311 1686 poetae
325 1611 413 1671 huius
429 1611 568 1670 carmina.
600 1611 659 1670 Sed
673 1612 701 1670 ei
716 1613 871 1690 egregium
885 1611 918 1670 in
932 1613 1054 1672 modum

81 1697 172 1754 fuere
188 1695 265 1754 falsi.
294 1695 373 1754 Nam
387 1695 420 1754 in
434 1698 573 1770 excerpta
586 1696 677 1771 longe
694 1696 827 1755 foediore
841 1697 1054 1755 monachorum

82 1779 180 1839 medii
201 1779 266 1838 aevi
286 1780 430 1838 saevitum
456 1778 580 1837 libidine
611 1799 700 1854 quarn
726 1799 867 1855 umquam
891 1781 923 1838 in
948 1780 1054 1854 plenos

84 1863 203 1924 Tibulli
222 1862 315 1923 libros
339 1883 356 1921 a
371 1862 573 1939 grammaticis
589 1864 698 1922 saeculi
713 1862 778 1936 XV,
794 1861 934 1939 quoniam
948 1863 979 1920 hi
993 1882 1056 1926 uon

82 1949 147 2008 nisi
165 1950 319 2022 corrupte,
339 1948 387 2006 illi
408 1946 602 2023 integerrima
616 1965 749 2023 quaeque
764 1950 948 2023 temptavere
963 1948 1053 2006 inter·

83 2032 227 2109 polando.

150 2149 287 2209 Primum
302 2148 397 2221 enim,
412 2152 448 2207 ut
462 2150 624 2208 sententias
639 2167 811 2208 communes
827 2151 858 2208 et
872 2149 910 2206 ad
924 2149 1053 2207 forman-

87 2234 143 2294 dos
157 2251 256 2293 mores
272 2236 356 2308 aptas
370 2251 466 2308 neque
478 2234 671 2292 abhorrentes
686 2253 703 2291 a
718 2233 878 2292 christiano
894 2232 977 2292 cultu
991 2231 1053 2291 effi·

87 2321 200 2392 carent,
216 2318 319 2392 quales
332 2317 502 2376 rarissimae
518 2321 589 2376 sunt
603 2317 682 2392 apud
696 2318 830 2390 Albium,
846 2321 947 2376 tamen
961 2318 996 2374 ut
1010 2335 1054 2375 es-

88 2405 145 2474 set,
160 2401 240 2478 quod
251 2403 385 2476 ipsorum
398 2400 553 2460 desideriis
569 2402 761 2474 satisfaceret,
776 2401 962 2476 ineptissime
976 2401 1054 2476 pari-

86 2490 138 2546 ter
151 2489 239 2562 atque
251 2485 444 2544 audacissime
455 2486 671 2561 pleraque-eius
683 2487 844 2545 verborum
855 2485 1054 2544 detorserunt.

88 2570 224 2632 Accessit
237 2569 352 2645 puerile
367 2569 501 2630 variandi
512 2571 656 2629 vocabula
670 2569 881 2644 studiumque
897 2570 1054 2643 occupatos

89 2655 182 2714 fuisse
196 2653 354 2715 monachos
374 2653 448 2713 istos
470 2655 599 2712 clamant
613 2654 713 2712 omnia
728 2654 846 2728 scripta,
862 2655 1009 2728 quotquot
1022 2652 1056 2710 in

91 2739 199 2800 scholis
218 2739 310 2798 medii
332 2737 396 2797 aevi
416 2738 477 2814 legi
499 2740 570 2798 sunt
583 2737 681 2797 solita.
710 2737 846 2811 Denique
862 2736 976 2794 Tibulli
989 2753 1054 2793 ver-

90 2843 140 2884 sus
155 2841 223 2882 cuni
238 2839 307 2884 sane
323 2824 424 2882 essent
437 2823 597 2897 elegantes,
619 2821 717 2880 minus
731 2823 833 2879 tamen
847 2820 920 2878 tersi
936 2817 1054 2877 Ovidis-

89 2909 146 2980 uis‚
167 2907 219 2982 qui
239 2925 310 2982 prae
330 2906 436 2964 ceteris
456 2905 614 2981 placebant
633 2921 686 2963 suc
707 2904 828 2980 quidem
848 2905 912 2961 iure
932 2902 1055 2961 illorum

90 2996 259 3066 temporum
280 2990 390 3064 doctis,
412 3007 499 3064 saepe
513 3008 588 3064 quae
611 2989 730 3046 duriora
743 2989 815 3062 ipsis
829 2987 1003 3047 viderentur
1018 2986 1056 3044 ad

90 3077 218 3136 Nasonis
239 3075 380 3136 inflexere
401 3091 552 3145 normam,
576 3075 610 3132 ut
629 3076 714 3147 puta,
736 3077 872 3146 supererat
895 3073 1056 3145 praecocia

88 3161 182 3237 pentes
209 3178 264 3235 pro
291 3162 386 3234 peasa
413 3163 555 3232 superarat
583 3157 637 3218 tibi
664 3157 778 3226 laudm,
806 3157 856 3216 vel
875 3158 988 3217 ciuem
1007 3156 1056 3216 secl

85 3247 198 3319 priseos
216 3245 331 3320 yeneno
350 3243 498 3303 contendis
519 3243 640 3303 laamas
659 3261 714 3317 pro
733 3259 757 3301 s.
774 3260 803 3316 p.
819 3259 851 3315 p.
873 3259 897 3301 c.
911 3259 937 3300 a.
953 3241 992 3307 b„
1007 3240 1056 3298 vel

91 3331 190 3389 vertice
204 3333 283 3390 stare
296 3329 376 3388 cocis
392 3323 459 3404 (hoc
474 3327 594 3403 quidem
604 3344 746 3408 sermone
760 3325 885 3384 ridiculo
901 3328 932 3382 et
945 3324 1057 3382 violata

91 3413 247 3488 positionis
260 3409 342 3488 lege)
358 3429 412 3486 pro
427 3416 503 3473 stare
524 3411 607 3471 bores
621 3413 721 3484 capite.
752 3409 896 3469 Similiter
910 3407 1054 3466 saevitum

91 3497 159 3572 inl,
178 3499 205 3571 1,
223 3498 273 3558 50.
291 3499 319 3570 5,
337 3496 386 3555 62.
408 3494 448 3570 ΙΙ,
465 3497 494 3570 3,
511 3495 561 3556 40.
578 3497 607 3569 6,
623 3495 674 3555 20.
