2444 4056
404 265 618 324 PRAEFATIO.
933 277 996 325 nx1
1116 329 1121 344 ,
1191 213 1192 252 ³

48 437 84 496 lc
100 436 228 512 primum
247 435 368 510 quidem
387 435 512 494 liberius
530 435 678 494 habentur
694 452 781 495 voces
794 436 926 511 plurimo
940 454 997 496 usu

50 523 198 580 communis
219 520 363 580 sermonis
382 519 531 578 adhibitae
560 522 591 578 et
619 520 703 594 qussi
725 519 864 594 detritae,
893 521 996 595 quales

51 607 109 663 sunt
125 605 355 676 coniunctiones,
375 604 620 679 praepositiones,
642 603 789 676 adverbia,
808 605 995 680 pronomina.

50 688 149 747 Deinde
162 687 350 764 perspicuam
364 687 402 748 ob
413 705 531 747 causam
544 687 661 746 facilius
671 689 826 746 mutantur
838 688 920 764 leges
935 707 997 747 car·

51 773 126 832 minis
143 772 175 830 in
194 772 358 830 multarum
383 772 565 846 syllabarum
585 789 674 846 quum
692 772 780 831 unius
800 789 854 831 seu
872 771 998 831 duarum

52 856 196 916 vocabulis.
225 854 305 914 Nam
318 874 377 930 quo
393 857 451 914 erit
463 857 563 914 minus
577 858 648 931 apta
660 856 792 916 numeris
805 874 875 931 pars
890 857 997 915 oratic-

52 939 96 1012 nis‚
110 958 142 998 co
155 940 324 1014 promptius
335 939 475 998 excitabit
489 938 623 998 licentias
637 941 745 1015 quibus
760 939 999 1000 accommodetur

52 1026 133 1081 metro
147 1042 209 1082 suo.
241 1023 300 1082 Sed
312 1024 478 1098 plurimum
493 1024 529 1082 ab
543 1023 669 1082 Homeri
683 1026 716 1083 et
727 1023 852 1084 Hesiodi
866 1023 937 1084 inde
951 1043 999 1082 aa·

51 1109 101 1164 tata
113 1125 203 1183 nsque
218 1107 256 1166 ad
270 1106 432 1182 Georgium
446 1107 569 1166 Pisiden
591 1111 622 1166 et
635 1108 805 1184 Eugenium
820 1108 998 1167 Toletanum

51 1191 171 1250 versibus
191 1192 291 1250 euenit
310 1191 458 1250 libertatis
477 1211 495 1249 a
513 1191 685 1251 nominibus
703 1193 834 1268 propriis
854 1210 929 1267 quae
955 1193 997 1250 di·

52 1277 153 1333 cuntur.
195 1275 274 1334 Nam
300 1293 367 1334 oum
391 1276 505 1350 optimo
531 1293 648 1352 quoque
669 1279 803 1350 tempore
825 1293 929 1334 eorum
948 1278 998 1336 vel

51 1359 233 1431 quantitatem
246 1359 296 1418 vel
309 1359 436 1418 formam
450 1359 592 1418 inmutari
602 1360 761 1420 haberetur
774 1359 858 1418 nefas
872 1377 998 1436 cumque

50 1441 255 1502 delectarentur
281 1442 377 1501 isdem
404 1446 510 1518 poscae
539 1446 656 1504 veteres
676 1445 787 1502 mirum
805 1446 838 1502 in
865 1443 998 1517 modum,

50 1526 120 1584 varia
132 1526 255 1585 artificia
265 1544 299 1584 ac
308 1526 485 1602 praestigias
499 1528 627 1588 inveniri
642 1529 784 1603 oportuit,
800 1531 835 1585 ut
848 1528 902 1587 illa
916 1532 998 1601 apta·

50 1611 142 1668 rantur
154 1611 266 1670 versui.
294 1609 393 1686 Igitur
411 1611 543 1686 primum
562 1612 683 1687 quidem
696 1631 758 1670 non
772 1613 830 1670 erit
843 1613 953 1672 mirum
967 1613 1000 1669 in

49 1693 113 1765 ipsis
130 1694 300 1754 nominibus
314 1695 478 1753 metrorum
492 1713 580 1769 saepe
599 1696 723 1770 reperiri
736 1695 887 1772 licentiam
908 1695 1000 1754 simili

49 1779 138 1836 temen
156 1796 190 1837 ac
208 1779 274 1854 puri
293 1778 432 1837 libertate
451 1779 593 1836 fruuntur
610 1779 702 1836 verba
720 1780 854 1852 proxime
882 1795 1000 1854 praece·

36 1860 152 1936 dentis,
173 1861 333 1937 aliquando
353 1865 384 1920 et
397 1862 573 1937 postposita.
603 1859 732 1919 Omnino
746 1860 863 1920 facilius
878 1880 925 1920 ars
939 1881 1001 1920 mc-

48 1945 82 2002 tri
93 1946 222 2006 riclatm
234 1946 268 2004 in
282 1945 326 2006 eis
339 1947 475 2006 versibus
490 1945 599 2021 quibus
617 1946 699 2003 inest
711 1963 821 2004 nomen
836 1946 1000 2021 proprium.

48 2026 195 2088 Praeterea
206 2029 299 2088 simili
310 2029 452 2089 buuntm
462 2029 634 2104 exceptione
644 2029 788 2089 vocabula
797 2047 903 2106 graeca
913 2049 1001 2106 quae·

49 2111 114 2171 libet
126 2115 157 2172 et
169 2113 292 2172 termini
305 2113 432 2172 technici
446 2132 521 2190 quos
534 2115 651 2172 vocant.

101 2196 155 2256 HI.
179 2195 316 2255 Tertium
335 2215 429 2273 genus
449 2198 597 2256 libertatis
617 2198 718 2257 evenit
736 2200 861 2258 carmini
880 2199 917 2258 ab
937 2218 1001 2258 ora·

48 2281 116 2338 ton'a
128 2282 273 2340 sermonis
288 2282 483 2341 concitatione
497 2283 641 2357 gravique
654 2283 823 2342 animorum
838 2283 1000 2342 affectione.

47 2363 143 2438 Aqua
161 2365 315 2424 remissior
333 2384 381 2424 ars
401 2369 432 2423 et
451 2367 568 2426 numeri
588 2367 828 2442 neglegentiores
848 2367 920 2425 adeo
941 2386 1003 2426 non

48 2449 227 2522 sumebant,
246 2449 399 2508 interdum
413 2452 447 2507 ut
465 2450 628 2524 plurimum
647 2450 757 2510 faciant
772 2450 809 2509 ad
822 2451 1003 2527 elegantiam

47 2549 152 2592 versus.
183 2531 323 2591 Ceterum
343 2533 519 2608 plerumque
539 2552 637 2594 sermo
659 2535 835 2594 commotior
855 2534 1004 2593 indicetur

47 2616 197 2674 verborum
213 2619 265 2674 ant
279 2618 476 2676 cumulatione
489 2620 542 2676 aut
554 2619 710 2677 iteratione
726 2619 789 2677 sive
804 2618 1001 2694 oppositione.

47 2695 196 2758 Praeterea
210 2701 243 2758 in
256 2701 389 2760 oratione
403 2703 594 2776 quantumvis
608 2701 670 2760 leni
684 2702 866 2776 minimeque
879 2703 1004 2760 incitata

46 2785 139 2842 tamen
157 2805 175 2842 a
194 2785 356 2843 multarum
375 2804 476 2844 rerum
496 2787 718 2845 enumeratione
737 2785 882 2860 quaedam
912 2785 1002 2842 etiam

46 2867 135 2926 oritur
148 2869 272 2928 libertas
286 2870 385 2927 metri.

100 2951 172 3011 1111.
195 2951 237 3010 Et
249 2952 321 3011 haec
334 2953 455 3029 quidem
470 2954 676 3028 exceptionum
692 2969 802 3027 genera
815 2952 880 3026 ipsa
894 2954 1003 3012 natura

46 3050 141 3094 versus
157 3040 189 3094 et
209 3038 353 3097 sermonis
373 3037 520 3096 oriuntur.
545 3035 615 3094 Alie
634 3053 707 3095 vero
722 3053 913 3112 aprogressu
928 3040 1001 3097 artis

47 3117 101 3176 sire
115 3120 235 3179 defectu
247 3123 474 3197 temporumque
488 3120 656 3180 intervallis
677 3122 708 3179 et
722 3117 893 3180 diversitate
907 3123 1002 3196 potti-

47 3217 140 3260 corum
160 3221 284 3280 operum
304 3204 473 3281 repetenda.
504 3204 570 3275 Qua
587 3204 620 3264 in
639 3222 673 3263 re
687 3221 721 3263 eo
735 3206 866 3279 potiores
880 3206 1003 3263 lusnmt

45 3281 174 3362 Romani,
191 3287 271 3363 quod
285 3288 365 3364 apud
376 3291 458 3365 ipsos
472 3290 614 3364 pleraque
628 3292 724 3348 metra
737 3289 874 3364 legitimo
889 3306 1001 3346 succes-

45 3385 75 3424 su
92 3375 241 3430 venerunt
259 3373 297 3430 ad
317 3372 544 3448 perfectionem,
567 3391 634 3432 cum
654 3374 733 3449 apud
747 3373 874 3431 Graecos
887 3373 939 3446 qui
953 3389 1001 3430 ue·

44 3453 197 3514 tortissimi
218 3459 354 3516 auctores
374 3458 446 3516 artis
466 3477 501 3516 er
521 3459 606 3532 parte
621 3459 682 3518 sint
695 3460 727 3515 et
744 3453 1001 3531 praestantissimi.

43 3529 197 3602 Praeterea
214 3541 431 3618 posterioribus
451 3542 560 3602 horum
577 3541 677 3602 offecit
696 3540 789 3602 nimia
807 3536 932 3596 Homeri
951 3553 1001 3592 au·
