2486 4010
50 217 95 288 [r]
449 215 558 270 rmus
578 215 613 271 v.

52 374 123 444 Nee
145 379 238 444 rudis
260 379 387 446 infestis
408 377 501 442 miles
522 378 668 442 radiabat
688 378 724 442 in
746 379 858 444 armis:

93 463 282 528 Misuebant
301 466 374 527 usta
394 463 516 547 proelia
536 462 624 527 nuda
646 463 731 528 sude.

53 543 168 612 Prima
188 547 342 633 galeritus
364 548 473 631 posuit
493 547 656 632 praeteria
676 546 840 632 Lygmen,

95 631 285 716 Magnaque
306 653 381 716 pars
403 631 495 696 Tatio
516 653 623 697 rerum
645 635 713 696 erat
734 632 820 697 inter
843 653 927 697 eres.
993 645 1028 694 30

55 713 146 781 Hine
168 715 292 782 Titiana
315 715 455 780 Ramnes
478 737 518 780 ue
538 716 600 781 viri
621 715 820 800 Luceresque
843 717 962 800 uoloni,

99 800 246 876 Quatuor
266 800 343 866 hine
364 738 523 924 adgessit]

524 801 629 864 mulus
651 801 719 925 egit
740 821 847 884 equos.

59 969 186 1055 Quippe
207 971 407 1036 suburbanae
428 933 655 1055 parva*minus
675 970 754 1036 urbe
776 970 920 1036 Bovillae

101 1056 209 1138 Atque
230 1055 277 1120 ibi
298 1055 436 1120 Fidenas
457 1057 556 1140 longa
578 1059 646 1120 erat
666 1055 730 1119 isse
751 1056 811 1120 via.
993 1069 1027 1117 36

61 1137 108 1203 Et
128 1140 217 1204 stetit
238 1139 323 1204 Alba
344 1143 471 1224 potens,
494 1141 585 1204 albae
608 1140 672 1204 suis
695 1140 801 1204 emine
822 1142 914 1224 nata,
993 1153 1026 1202 ³5

104 1223 162 1307 Et,
183 1225 239 1308 qui
259 1245 347 1290 nune
368 1225 464 1307 nulli,
485 1225 625 1290 maxima
645 1225 740 1289 turba
762 1223 854 1290 Gabi.
993 1237 1028 1288 34

63 1305 119 1372 Nil
139 1309 279 1391 patrium
300 1308 364 1372 nisi
384 1329 504 1373 nomen
525 1308 623 1374 habet
635 1307 799 1374 Remanus
822 1309 984 1374 alumnus:

106 1391 278 1478 Sanguinis
300 1393 445 1457 altricem
465 1414 533 1458 non
545 1393 645 1477 pudet
666 1415 735 1458 esse
755 1395 873 1476 lupam.

64 1475 135 1540 Hue
155 1478 269 1542 melius
290 1478 444 1562 profugos
465 1478 597 1562 misisti,
621 1477 731 1559 Troia,
753 1484 898 1560 penates.

105 1561 157 1624 En
178 1562 266 1645 quali
285 1565 409 1626 veetast
429 1562 579 1626 Dardana
598 1560 715 1646 puppis
737 1564 809 1625 ave!
993 1575 1028 1624 40

65 1642 133 1709 Iam
152 1646 234 1710 bena
256 1646 460 1730 spondebant
479 1650 558 1712 tune
579 1647 705 1729 emina,
729 1644 814 1729 quod
835 1645 918 1709 nihil
939 1645 1029 1710 illam

106 1729 255 1796 Laeserat
276 1730 406 1816 abiegni
427 1733 540 1795 venter
560 1734 689 1815 apertus
712 1731 801 1813 equi,

68 1812 147 1880 Cum
166 1817 258 1899 pater
277 1816 312 1879 in
333 1816 402 1880 nati
422 1815 565 1899 trepidus
588 1816 710 1880 cerviae
731 1814 899 1898 pependit,

107 1899 151 1964 Et
170 1900 303 1964 veritast
323 1921 451 1964 umeros
471 1920 563 1963 urere
583 1899 713 1964 flamma
734 1899 816 1982 pios.

69 1981 156 2048 'runo
176 1985 276 2049 animi
296 2006 412 2049 venere
426 1983 507 2048 Deei
527 1982 682 2068 Brutique
705 2003 841 2066 secures,
995 1994 1030 2046 45

107 2067 202 2133 Vexit
224 2069 349 2152 etipsa
370 2069 420 2133 sui
442 2066 588 2133 Caesaris
610 2089 698 2131 arma
719 2065 845 2146 Venus,

71 2151 165 2216 Arma
185 2153 384 2238 resurgentis
405 2155 538 2238 portans
559 2153 702 2216 victricia
723 2151 855 2216 Troiae:

109 2236 198 2302 Felix
220 2241 307 2302 terra
326 2241 401 2301 tues
423 2235 523 2321 oepit,
547 2235 631 2316 Iule,
656 2236 758 2321 de0s3-

74 2319 105 2384 Si
123 2322 217 2386 modo
239 2322 409 2388 Avernalis
430 2321 586 2387 tremulae
609 2321 734 2386 eortina
756 2319 897 2407 Sibyllae

110 2405 200 2471 Dixit
220 2407 383 2472 Aventino
405 2427 480 2470 rura
500 2406 619 2490 pianda
639 2405 756 2486 Reme,
998 2415 1033 2468 eo

73 2489 135 2553 Aut
155 2491 183 2555 si
203 2491 396 2576 Pergameae
418 2511 489 2554 sero
511 2494 582 2555 rata
604 2493 746 2555 earmina
765 2492 847 2556 vatis

109 2574 315 2660 Longaerum
336 2575 376 2640 ad
398 2573 519 2640 Priami
539 2596 615 2639 vera
635 2576 725 2638 fuere
747 2578 858 2657 eaput:

74 2657 208 2724 ‘Dieamz
230 2658 327 2723 Troia
349 2660 453 2742 cades,
477 2662 510 2723 et
530 2658 646 2722 Troica
666 2657 771 2720 Roma
795 2677 955 2742 resurges,
999 2669 1033 2719 87

110 2743 154 2808 Et
174 2745 271 2808 maris
293 2747 326 2808 et
345 2747 450 2807 terrae
472 2743 571 2827 longa
592 2740 759 2824 sepulchra
781 2763 901 2805 canam.
1000 2753 1034 2802 88

72 2825 192 2892 Vertite
214 2850 344 2912 equum,
366 2826 484 2892 Danai!
507 2827 592 2891 male
613 2826 757 2890 vincitis:
780 2824 841 2890 llia
861 2824 956 2889 tellus

110 2912 219 2997 Vivet,
243 2915 275 2977 et
294 2912 369 2977 huie
391 2913 491 2976 cineri
511 2910 657 2995 luppiter
679 2932 767 2974 arma
788 2909 898 2974 dabit’

72 2996 200 3082 Optima
221 2998 383 3060 nutricum
404 2984 523 3060 nostris
545 2996 622 3079 lupa
635 2993 754 3058 Martia
775 2992 879 3076 rebus,
1002 3004 1035 3056 55

111 3081 225 3158 Qualia
247 3084 414 3145 creverunt
434 3079 562 3146 moenia
584 3081 666 3144 laete
687 3079 756 3144 tuo!

72 3165 202 3230 Munere
216 3187 353 3248 namque
375 3167 429 3250 pie
452 3185 549 3230 eonor
570 3163 739 3246 disponere
754 3183 880 3227 versus:

111 3249 152 3315 Ei
173 3249 268 3334 mihi,
286 3250 370 3333 quod
391 3251 532 3314 nostrost
552 3269 669 3332 parvus
691 3247 727 3310 in
749 3267 803 3312 ore
825 3250 935 3314 sonus!

74 3333 133 3400 Sed
155 3338 264 3400 tamen
287 3335 402 3419 exigue
425 3333 646 3418 quedeumque
668 3352 685 3395 e
706 3334 835 3416 pectere
856 3333 917 3398 rivi

113 3418 271 3501 Fluxerit,
294 3418 356 3482 hoe
377 3419 499 3502 patriae
522 3417 640 3483 serviet
661 3436 755 3482 omne
776 3439 875 3482 meae.
1004 3427 1039 3478 60

74 3502 197 3570 Ennius
218 3503 343 3568 hirsuta
365 3503 474 3589 cingat
495 3525 552 3567 sua
573 3502 695 3586 †dieta
717 3523 849 3566 coronae
