2486 4010
48 239 121 312 XL]
463 233 573 289 ursus
592 234 655 292 1111.
789 293 797 305 ,
1006 231 1046 297 77

102 399 287 466 Feminea
307 395 418 462 amuis
437 396 551 462 serris
571 395 677 462 usae
699 397 812 464 minas.

55 483 268 553 Hannibalis
292 482 396 567 spolia
418 485 452 546 el
471 481 550 546 vicli
570 481 769 546 monimenta
791 482 946 567 Syphacis

107 569 161 635 aa
181 566 300 651 Pyrrhi
321 565 362 630 ad
383 568 512 689 ncqlros
534 565 638 650 gloria
657 566 760 689 fqacla
779 567 877 651 pedes
1013 581 1047 631 60

62 736 208 806 Curtius
230 736 365 822 explelis
387 734 500 800 statuis
519 697 718 800 minimenta
739 735 877 821 lacunis,

113 823 166 887 As
187 819 305 886 Decius
326 821 425 886 misso
447 819 571 903 proelia
593 821 681 904 mpii
702 841 800 906 equo,

64 905 211 974 Oocliiis
233 903 392 970 abscissos
412 905 551 968 testatur
576 905 690 969 semila
711 907 841 990 pontes,

117 991 184 1056 aa
202 989 253 1054 cui
276 1010 313 1054 co
362 1009 458 1054 omen
479 1009 592 1053 corvus
613 988 732 1054 habere
753 988 849 1055 dedis.

66 1075 167 1143 Haec
189 1074 306 1140 dicon
331 1073 470 1158 uerrunt,
493 1072 572 1139 haec
594 1072 628 1137 di
643 1094 767 1157 quoque
788 1072 918 1139 moenia
939 1095 1003 1139 ser·

687 1161 779 1223 vani:
1012 1169 1045 1220 65

117 1243 185 1310 Vix
203 1244 320 1308 timeat
339 1243 427 1308 salvo
450 1241 586 1309 Caesare
607 1240 711 1308 Roma
730 1241 849 1308 Iovem.

69 1329 174 1396 Nunc
192 1328 250 1393 ubi
272 1327 325 1394 Sci
346 1326 437 1392 iadae
458 1327 592 1412 classes,
612 1327 670 1392 ubi
690 1327 785 1414 signa
805 1327 949 1412 Camilli,

118 1415 188 1477 Aul
207 1411 306 1478 modo
324 1349 481 1496 l'cmpeia
502 1411 647 1496 Bosporo
668 1416 763 1498 capta
783 1411 903 1478 manu?

70 1496 255 1564 Leucadius
275 1517 384 1561 versae
405 1497 489 1562 acies
510 1495 702 1562 memorabis
722 1496 754 1560 A
777 1497 852 1560 ollo.

118 1581 260 1646 Tauium
281 1581 387 1666 operis
407 1580 486 1646 belli
507 1581 638 1654 sustulit
657 1600 723 1643 una
768 1579 821 1643 'ea
1011 1591 1046 1642 ἰο

71 1667 121 1734 As
141 1669 194 1749 tu,
216 1667 284 1730 sive
304 1668 395 1749 petes
416 1667 528 1750 portus
549 1687 622 1750 seu,
644 1662 768 1749 nevile,
790 1662 931 1748 linques,

118 1749 267 1816 Caesaris
287 1749 324 1815 in
343 1752 413 1814 icio
436 1750 480 1814 sis
502 1770 626 1813 memor
645 1747 751 1814 Ionio.

484 1880 638 1890 ——

73 2090 246 2174 Poslume,
267 2087 449 2174 plorantem
470 2087 605 2171 potuisti
626 2085 770 2172 linquere
793 2083 933 2168 Gallam,

111 2174 215 2240 Miles
237 2175 271 2238 el
290 2172 431 2258 Augusli
451 2171 550 2235 fortia
571 2171 664 2255 signa
686 2169 798 2253 sequi?

74 2257 216 2326 senune
237 2257 305 2322 ulla
323 2257 387 2321 fuis
407 2255 538 2340 spoliati
558 2253 663 2340 gloria
683 2253 811 2339 Parthi,

118 2341 172 2409 Ne
192 2343 315 2407 faceres
338 2336 433 2405 Galla
453 2340 555 2406 multa
575 2341 711 2426 rogante
732 2340 810 2405 tua?

75 2427 112 2494 Si
132 2425 184 2492 fas
205 2428 268 2510 esi,
290 2446 401 2492 omues
421 2425 541 2510 pariler
561 2425 700 2510 pereatis
721 2425 823 2509 avari,
1027 2429 1046 2484 5

117 2511 165 2578 Ee
186 2511 329 2595 quisquis
350 2508 415 2574 fido
436 2511 589 2594 praetulit
609 2531 698 2574 arma
717 2511 805 2574 loro!

76 2595 127 2661 Tu
148 2598 260 2660 lamen
280 2595 399 2659 iniecta
418 2596 537 2678 iscius,
558 2616 690 2676 vesane,
713 2594 843 2657 lacerna

118 2679 253 2745 Pclabis
274 2680 368 2764 galea
387 2678 492 2744 fessus
512 2677 629 2742 Araxis
650 2698 774 2761 aquam.

75 2763 142 2830 Illa
163 2763 292 2850 quidem
312 2765 435 2828 interca
454 2762 542 2828 fama
561 2760 705 2826 tabescet
725 2759 831 2844 inani,

119 2849 211 2914 Haec
230 2851 288 2913 lua
307 2869 349 2912 ne
370 2849 472 2912 virius
493 2844 776 2929 samaraeus,
1012 2853 1046 2906 10

73 2932 167 3000 Neve
188 2936 245 2997 sua
264 2930 378 2998 Medae
398 2933 558 2997 laetentur
578 2931 674 2996 caede
696 2931 848 3016 sagiilac,

1 3077 2 3098 ,
119 3017 254 3084 Ferreus
276 3020 386 3081 aurato
407 3038 473 3082 neu
494 3015 715 3100 calaphracius
738 3035 835 3099 equo,

1 3121 2 3154 l
73 3101 169 3168 Neve
189 3102 234 3166 ali
256 3101 311 3166 uid
333 3102 372 3166 de
393 3103 426 3165 ie
446 3100 589 3166 flendum
609 3099 766 3164 referatur
785 3098 821 3163 in
842 3117 937 3162 urna:

121 3186 175 3252 Sic
195 3123 345 3270 reieuni,
367 3186 432 3250 illis
455 3185 511 3272 qui
533 3184 673 3249 cecidere
694 3183 784 3248 locis.

74 3270 142 3336 Ter
163 3273 275 3354 quater
294 3270 330 3335 in
352 3274 440 3336 caeca
459 3269 539 3336 felix
560 3290 579 3333 ο
602 3269 753 3334 Pcslume
775 3265 882 3354 Galla,
1012 3277 1046 3330 15

119 3354 266 3420 Moribus
288 3354 339 3420 his
362 3355 426 3420 alia
447 3355 584 3440 coniuge
606 3352 722 3439 diguus
745 3375 825 3419 eras.

74 3439 163 3516 Quid
183 3439 282 3506 faciei
300 3440 390 3504 nullo
411 3440 535 3504 munita
555 3438 662 3524 puella
682 3438 813 3522 timore,

120 3521 204 3590 (lum
225 3524 270 3590 sit
289 3523 431 3590 luxuriae
452 3524 556 3590 Roma
576 3524 732 3610 magistra
753 3522 851 3589 suae?
