2476 4018
84 202 136 274 u]
321 182 327 185 ’
473 201 583 258 maan
603 203 625 259 1.
1034 198 1057 263 5

83 365 128 432 In
153 387 256 432 enuus
277 365 363 430 calor
385 368 418 430 el
438 366 547 430 mullis
570 366 665 430 decus
687 364 809 430 artibus
832 369 865 430 ei
886 387 966 450 quae

162 451 256 515 audis
278 451 338 515 sub
358 451 457 515 tacita
478 450 592 516 ducere
613 454 702 515 veste
724 451 818 516 libet:

85 537 161 612 Quo
182 536 287 620 magis
310 538 342 600 ei
361 538 491 602 nostros
513 535 680 600 contendis
703 536 826 599 solvere
847 557 981 620 amores,
1024 547 1056 597 15

130 619 204 686 Hoc
225 621 329 704 magis
352 623 483 705 accepta
503 620 588 685 fallit
608 623 740 704 uterque
762 619 834 684 fide.

84 703 166 771 Non
188 705 308 854 inpune
329 705 428 770 feres:
452 705 531 769 sciet
551 705 630 770 haec
652 705 767 768 insana
788 703 896 788 puella

130 789 176 854 Et
197 790 223 854 ti
246 788 258 854 i
279 811 348 854 non
368 789 477 854 iaciiis
498 788 630 854 vocibus
652 788 756 854 hostis
779 788 855 854 erit:
1018 845 1023 857 .

84 873 159 941 Nec
181 873 242 938 libi
263 895 316 938 me
336 872 512 972 posthaec
535 874 704 939 conmittei
724 872 865 958 Cynthia
885 893 946 938 nec
966 876 999 938 te

132 957 287 1034 Quacrcit
307 959 471 1024 enitenti
493 959 639 1023 criminis
661 959 717 1022 illa
737 979 870 1042 memor,
1023 971 1057 1022 20

83 1043 134 1108 Er
153 1045 188 1108 te
210 1043 330 1108 circum
352 1062 463 1108 omncs
486 1043 563 1107 alias
585 1043 668 1108 irata
686 1041 812 1128 puellas

130 1125 283 1192 Differct:
306 1126 370 1193 heu
390 1128 482 1192 nullo
504 1127 614 1192 limine
637 1149 726 1194 carus
749 1128 821 1194 eris.

84 1211 205 1278 Nullas
226 1211 284 1275 illa
304 1213 370 1277 suis
393 1214 577 1278 contemnes
597 1212 724 1278 fletibus
746 1235 827 1296 aras,

130 1295 177 1360 Ee
198 1297 388 1380 quicumque
410 1317 507 1381 secer,
530 1297 633 1381 qualis
665 1298 792 1382 ubique,
815 1298 907 1382 lapis.

84 1377 167 1446 Non
188 1379 254 1446 ullo
276 1381 405 1478 gravius
426 1383 602 1465 temptatur
624 1346 764 1464 (lynlhia
786 1381 912 1465 damno,
1023 1391 1057 1444 25

133 1465 241 1546 Quam
264 1465 326 1530 srbi
348 1487 420 1531 cum
441 1469 534 1549 rapto
558 1469 662 1530 cessal
682 1487 789 1530 amore
812 1465 898 1548 deus,

84 1549 265 1634 Praecipue
286 1552 407 1616 nos'oro.
437 1553 566 1614 maneat
586 1550 633 1613 sic
655 1571 789 1634 semper,
812 1550 919 1631 adoro,

129 1633 202 1700 Nec
223 1634 391 1720 quicquam
413 1657 451 1699 ex
472 1635 528 1698 illa
550 1633 635 1718 quod
656 1655 770 1718 querar
790 1634 960 1698 inveniam.

495 1765 650 1776 —n

545 1849 590 1925 V.

84 1971 213 2055 Invida,
234 1975 271 2037 tu
291 1971 421 2036 tandem
443 1994 537 2038 voces
561 1993 716 2056 conpesce
738 1970 890 2036 molestas

130 2055 177 2120 Et
198 2056 267 2123 siue
287 2078 348 2121 nos
371 2078 475 2141 cursu,
499 2078 561 2142 quo
584 2079 703 2140 sumus,
725 2056 772 2122 ire
792 2078 895 2140 peres.

89 2140 178 2216 Quid
198 2141 258 2206 libi
279 2142 338 2226 vis,
360 2141 496 2206 insane?
518 2163 608 2206 meae
631 2141 749 2207 sentire
769 2139 914 2206 furores?

129 2223 259 2310 Infelix,
280 2247 435 2311 properas
456 2226 570 2292 ultima
590 2248 687 2292 nosse
708 2227 792 2292 mola

84 2309 133 2375 Ec
153 2309 250 2374 miser
271 2311 401 2394 ignotos
421 2311 559 2396 vestigia
579 2312 662 2377 ferre
683 2334 741 2396 per
760 2312 854 2396 ignes
1038 2321 1055 2373 ὅ

129 2393 176 2458 Ec
196 2394 304 2460 bibere
326 2417 344 2460 e
365 2398 436 2460 tola
456 2398 564 2462 toxica
584 2396 758 2463 Thessalia.
853 2467 860 2474 ,

85 2478 165 2543 Non
187 2483 237 2543 esi
257 2479 313 2544 illa
332 2480 424 2563 ragis
446 2481 559 2546 similis
582 2483 700 2546 collata
720 2481 851 2566 puellis:

131 2562 277 2628 Molliter
297 2563 393 2628 irasci
414 2584 482 2629 non
505 2565 585 2630 sciet
605 2565 662 2628 illa
683 2565 752 2630 cibi.

87 2645 183 2722 Quod
205 2648 233 2712 si
254 2648 339 2712 forte
360 2646 425 2712 iuis
446 2669 515 2712 non
536 2651 586 2712 esi
607 2648 767 2712 contraria
787 2647 881 2730 votis,

130 2731 178 2795 At
196 2732 258 2796 ribi
281 2752 427 2795 curarum
448 2732 538 2795 milia
560 2735 680 2815 quanta
701 2731 803 2796 dabit!
1022 2743 1055 2795 10

84 2814 166 2881 Non
187 2816 248 2880 libi
268 2815 334 2879 iam
356 2835 495 2898 somnos,
517 2837 584 2880 non
605 2816 662 2880 illa
682 2817 842 2899 relinques
863 2814 998 2879 ocellos:

129 2898 192 2964 Illa
212 2900 300 2966 feros
322 2899 439 2964 animis
461 2900 583 2985 adligat
602 2922 667 2964 una
687 2901 782 2965 viros.

83 2983 128 3070 A,
151 3005 223 3048 mea
245 2986 447 3070 contemptus
470 2985 618 3068 quotiens
640 2985 680 3048 ad
701 2985 814 3050 limina
836 3005 953 3068 curres,

131 3066 214 3134 Cum
234 3069 296 3134 cibi
318 3070 463 3155 singultu
484 3069 581 3134 fortia
601 3069 699 3134 rerba
721 3069 845 3151 cadenl,

83 3153 307 3219 murenulas
328 3155 458 3219 maeslis
480 3155 600 3220 orielur
620 3153 748 3218 flelibirs
769 3153 894 3237 horror,
1022 3165 1054 3217 15

130 3235 177 3303 ut
196 3239 294 3304 timor
314 3239 488 3304 informem
509 3238 605 3305 duce‘o
624 3239 660 3302 in
681 3260 736 3305 ore
756 3240 878 3322 nolam,

83 3321 133 3388 Et
154 3343 369 3408 quaecumque
389 3324 477 3390 voles
499 3325 626 3409 fugient
645 3323 706 3388 ribi
727 3323 825 3389 rerba
846 3322 1001 3406 querenti,

129 3405 201 3472 Nec
221 3409 352 3493 poteris,
375 3409 430 3493 qui
451 3409 495 3472 sis
517 3411 573 3474 aut
594 3409 658 3491 ubi,
680 3430 776 3474 nosse
798 3407 903 3470 miser.

85 3491 173 3558 Tum
192 3514 290 3578 grave
312 3493 477 3559 servilium
497 3496 628 3558 nos’orae
650 3513 764 3578 cogere
785 3489 911 3574 puellae
