2468 4036
207 241 252 310 32
621 244 765 301 uiarum
1136 245 1182 318 [u.

272 409 369 475 Lacte
390 407 522 474 madens
544 407 611 473 illie
633 408 761 473 suberat
781 407 850 472 Pan
871 407 953 474 ilicis
975 409 1109 474 umbrae

314 494 359 558 Et
379 493 466 559 faeta
487 494 606 578 agresti
628 493 736 577 lignea
758 493 840 557 falae
862 493 994 575 Palea,‘

272 577 497 662 Pendebatque
519 577 593 662 vagi
614 576 753 661 pastoris
773 576 810 642 in
831 578 943 642 arbore
965 579 1088 659 votum,

223 673 258 727 30
315 662 450 729 Garrula
471 661 610 727 silvestri
631 661 737 724 fistula
759 683 849 726 saera
871 661 945 744 dea,

272 747 410 832 Fistula,
434 746 485 812 eui
507 767 631 830 semper
653 745 807 810 dearesait
828 745 992 810 arundinis
1015 745 1110 810 ordo:

316 833 400 897 Nam
423 832 563 896 calamus
585 851 657 894 aera
677 831 821 915 iungitur
841 851 942 913 usque
964 831 1077 894 minor.

272 919 318 982 At
340 937 403 1001 qua
424 915 554 980 Velabri
575 916 665 998 regio
687 917 792 998 patet,
814 915 860 979 ire
882 915 1007 980 solebat

316 1001 460 1086 Exiguus
481 1000 575 1084 pulsa
594 1020 652 1082 per
673 997 754 1062 vada
775 998 871 1064 linter
893 1019 984 1083 aqua.

223 1097 258 1148 85
272 1085 334 1152 Illa
355 1106 449 1168 saepe
471 1084 579 1169 gregis
601 1083 659 1147 diti
680 1082 837 1166 placitura
857 1084 1012 1168 magistro

315 1169 368 1232 Ad
389 1169 535 1233 iuvenem
557 1167 672 1231 featast
692 1169 783 1232 vecta
803 1168 911 1252 puella
932 1167 997 1251 die,

274 1252 355 1318 Oum
378 1273 440 1335 qua
460 1251 589 1315 fecundi
609 1252 772 1316 redierunt
792 1273 926 1316 munera
946 1253 1043 1335 ruriS,

316 1335 435 1400 Oaseus
458 1337 490 1400 et
509 1335 619 1398 niveae
642 1335 794 1400 candidus
816 1357 918 1420 agnus
940 1337 1034 1422 ovis.)

274 1419 422 1504 ‘Inpiger
443 1419 568 1501 Aenea,
591 1420 754 1484 volitantis
775 1421 874 1484 frater
895 1421 1039 1503 Amoris,
1225 1455 1226 1498 i

223 1516 259 1566 40
315 1504 430 1568 Troica
451 1504 505 1588 qui
526 1504 672 1588 profugis
694 1525 785 1568 saara
804 1504 895 1568 vehis
916 1506 1052 1587 ratibus,
1225 1505 1226 1580 l

275 1589 345 1654 lam
365 1589 426 1653 tibi
447 1588 621 1654 Laurentes
644 1589 793 1673 adsignat
814 1587 958 1673 Iuppiter
980 1610 1088 1674 agros,
1225 1585 1226 1616 ¹

317 1673 386 1738 Iam
408 1675 502 1737 vocat
523 1675 664 1737 errantes
685 1672 814 1756 hospita
834 1675 920 1736 terra
940 1672 1045 1737 Lares.

275 1758 347 1824 lllia
368 1761 497 1823 sanetus
520 1757 596 1839 aria,
620 1779 691 1822 aum
713 1761 761 1840 te,
785 1757 980 1840 venerande,
1002 1756 1129 1823 Numici

318 1841 415 1907 Vnda
436 1840 530 1908 deum
552 1842 639 1908 eaelo
661 1842 784 1906 miserit
805 1841 994 1926 indigetem.

224 1938 261 1990 aa
274 1927 357 1991 ane
380 1948 474 2011 super
494 1927 594 1991 fessas
615 1926 730 1990 volitat
750 1923 895 1990 Victoria
916 1948 1052 2011 puppes,

318 2010 461 2075 Tandem
482 2012 522 2074 ad
544 2009 699 2074 Troianos
722 2010 794 2074 diva
816 2011 952 2094 superba
973 2011 1069 2076 venit.

275 2093 359 2160 ane
381 2095 461 2160 milri
483 2096 591 2160 lucent
612 2094 739 2158 Rutulis
760 2094 908 2158 incendia
930 2096 1058 2160 eastris:

318 2179 388 2243 Iam
409 2180 469 2243 tibi
490 2179 655 2263 praediea,
677 2179 809 2243 barbare
832 2178 953 2262 Turne,
975 2201 1096 2245 necem.

276 2262 362 2326 Ante
385 2264 493 2326 oeulos
514 2263 656 2327 Laurens
679 2267 816 2328 castrum
840 2285 1011 2347 murusque
1032 2263 1175 2330 Lavinist
1224 2269 1225 2332 3

225 2355 262 2409 50
317 2345 463 2428 Albaque
485 2345 526 2409 ab
547 2348 687 2412 Ascanio
710 2347 840 2413 condita
860 2349 960 2432 longa
981 2348 1069 2414 duae.
1224 2339 1225 2414 l

277 2430 322 2494 Te
344 2451 406 2514 quo
428 2449 468 2493 ue
490 2429 555 2492 iam
578 2432 685 2514 video,
707 2431 804 2496 Marti
825 2432 980 2516 placitura
1002 2433 1148 2498 sacerdos

318 2513 394 2599 Ilia,
448 2514 561 2578 estales
585 2514 759 2582 deseruisse
781 2516 885 2600 focos,
1157 2513 1161 2520 ’

278 2598 537 2683 Concubitusque
558 2601 631 2663 tuos
652 2599 762 2666 furtim
783 2601 940 2684 vittasque
961 2602 1101 2669 iacentes

319 2683 363 2749 Et
384 2684 491 2768 cupidi
512 2684 552 2748 ad
572 2685 658 2769 ripas
680 2707 769 2749 arma
789 2685 901 2750 relicta
922 2685 981 2750 dei.
1144 2731 1148 2738 -

227 2781 261 2832 ⁶5
279 2768 406 2853 Carpite
428 2789 528 2852 nune,
550 2769 647 2852 tauri,
670 2769 709 2834 de
731 2771 852 2853 septem
867 2770 1030 2836 montibus
1045 2771 1174 2858 herbas,

319 2853 405 2918 Dum
426 2854 517 2918 lieet:
538 2853 592 2918 hia
613 2875 749 2938 magnae
770 2855 836 2918 iam
857 2855 946 2920 loaus
968 2856 1057 2920 urbis
1079 2857 1145 2921 erit.

276 2939 394 3023 Roma,
416 2942 506 3002 tuum
527 2959 646 3003 nomen
666 2938 759 3002 terris
781 2939 879 3003 fatale
899 2939 1066 3090 regendis,

320 3024 390 3099 Qua
411 3044 469 3088 sua
490 3022 528 3086 de
551 3023 637 3087 eaelo
659 3023 815 3106 prospiait
836 3044 911 3088 arva
960 3045 1045 3107 eres,

278 3107 408 3190 Quaque
429 3110 542 3191 patent
563 3111 650 3172 ortus
673 3111 705 3172 et
726 3129 788 3191 qua
808 3107 1007 3173 fluitantibus
1029 3109 1122 3174 undis
1223 3189 1224 3192 Ἴ

227 3203 263 3252 60
319 3189 402 3254 Solis
425 3190 611 3255 anhelantes
633 3192 734 3257 abluit
755 3191 858 3255 amnis
881 3213 988 3276 equos.
1223 3227 1224 3234 κ

278 3274 374 3338 Troia
396 3273 522 3356 quidem
543 3278 620 3338 tnnc
643 3297 676 3340 se
697 3276 865 3341 mirabitur
886 3280 919 3341 et
940 3276 1002 3341 sibi
1025 3277 1108 3343 diaet

319 3356 386 3421 Vos
408 3359 488 3420 bene
509 3361 574 3420 tam
597 3359 695 3441 longa
717 3361 914 3425 consuluisse
935 3362 995 3425 via.

277 3439 362 3505 Vera
384 3460 478 3503 cano:
501 3439 547 3502 sie
568 3460 668 3520 usque
690 3463 794 3506 sacras
817 3444 948 3508 innoxia
969 3445 1077 3509 laurus

318 3522 452 3606 Vesaar,
475 3525 507 3587 et
529 3525 755 3589 aeternumait
775 3525 854 3589 mihi
876 3527 1067 3612 virginitas!
