2486 4010
200 197 243 263 88
575 201 770 259 raoraaru
1068 205 1174 276 [xxi.

250 366 339 454 Ergo
376 387 436 452 ego
470 386 558 430 nunc
592 364 680 430 rudis
715 364 844 512 Adriplci
879 364 976 429 vehar
1005 367 1173 450 aequoris

819 470 928 533 ospes,

294 534 341 603 Co
366 557 401 600 ar
423 536 456 600 et
476 532 651 599 undisonos
673 553 760 598 nunc
781 555 876 617 prece
898 533 984 598 adire
1006 533 1097 598 deos.

251 557 376 686 Deimle
398 641 455 703 per
476 616 602 682 Ionium
624 621 733 682 vectus
756 639 829 682 cum
850 618 936 683 fessa
957 616 1106 683 Lechaeo

202 718 237 769 ιο
294 705 420 771 Sedarit
439 702 568 788 placida
588 702 659 767 vela
679 702 829 785 phaselus
851 723 949 786 aqua,

254 788 346 867 Quod
361 789 521 871 superest,
541 786 669 852 sufferte
683 787 795 870 pedes,
810 789 979 871 properate
993 785 1170 872 laborem,

296 873 437 953 Isthmos
460 893 522 955 qua
542 871 636 936 terris
658 874 746 936 arcet
766 873 935 955 utrumque
956 892 1053 935 mare.

253 957 333 1028 Inde
353 957 409 1022 ubi
431 956 535 1021 Piraei
555 956 683 1039 capient
703 977 754 1020 me
776 955 887 1020 littora
907 958 1032 1039 portus,

297 1041 454 1108 Scandam
475 1060 535 1138 ego
558 1039 699 1104 Theseae
719 1039 853 1104 brachia
874 1041 971 1187 loupa
994 1039 1074 1104 viae.

204 1138 238 1190 25
253 1125 325 1192 Illic
347 1128 402 1190 aut
423 1125 534 1189 stadiis
556 1125 698 1189 animum
719 1124 888 1188 emendare
908 1123 1053 1189 Patonis

296 1209 453 1292 Incipiam
474 1210 530 1272 aut
549 1208 666 1292 hortis,
691 1208 784 1273 docte
804 1206 957 1292 Epicure,
978 1208 1058 1290 tuis,

253 1294 429 1376 Persequar
443 1296 499 1357 aut
513 1292 653 1356 studium
666 1292 712 1357 lin
759 1313 806 1376 ae,
817 1290 1043 1357 Demosthenis
1056 1313 1166 1377 arma,

296 1377 483 1460 libaboque
504 1380 592 1460 tuos,
616 1377 696 1441 scite
754 1377 908 1460 enandre,
930 1377 1026 1461 sales3

254 1463 323 1528 Aut
344 1464 428 1526 certe
450 1460 577 1525 tabulae
598 1461 726 1545 capient
746 1483 819 1526 mea
838 1462 960 1526 lumina
980 1461 1086 1544 pictae
1145 1539 1150 1549 ¹

205 1560 241 1612 80
297 1546 370 1613 Sive
393 1546 487 1610 ebore
509 1548 637 1610 exactae
660 1567 716 1610 seu
737 1546 840 1630 magis
863 1567 934 1610 aare
956 1566 1086 1628 manus3

255 1633 323 1697 Aut
344 1630 448 1715 spatia
470 1651 626 1694 annorum
641 1633 696 1694 aut
709 1630 808 1714 longa
822 1630 990 1695 intervalla
1003 1628 1167 1713 probandi

298 1715 460 1781 Lenibuut
480 1715 578 1780 tacito
600 1715 730 1780 volnera
750 1717 862 1778 nostra
883 1714 971 1778 sinu:

256 1799 320 1868 Seu
340 1799 473 1881 moriar,
495 1798 579 1882 fato,
600 1820 668 1864 non
688 1799 775 1883 turpi
796 1799 916 1864 fractus
938 1817 1059 1881 amore;
1231 1857 1232 1878 ,

298 1885 405 1967 Atque
428 1881 489 1948 erit
508 1883 564 1947 illa
586 1882 665 1947 mihi
687 1884 799 1948 mortis
821 1882 956 1948 honesta
977 1881 1054 1946 dies.

615 2097 728 2171 XXII.

256 2219 312 2286 Fri
338 2219 388 2284 'da
408 2224 476 2285 tam
497 2223 615 2286 multos
637 2221 758 2305 placuit
778 2219 839 2285 tibi
861 2217 994 2304 Cyzicus
1017 2240 1144 2306 annos,
1230 2207 1231 2256 l

349 2302 407 2385 lle,
429 2303 643 2388 Propontiaca
664 2326 726 2389 qua
746 2305 818 2370 fluit
838 2303 978 2368 Isthmos
1000 2323 1101 2389 aqua,
1229 2353 1230 2360 κ

256 2385 437 2470 Dindymus
459 2390 491 2450 et
512 2409 601 2452 sacra
621 2389 811 2454 fabricatae
831 2389 896 2452 vite
918 2387 1061 2472 Cybebe,

104 2506 105 2509 ¹
299 2470 512 2556 Raptorisque
533 2472 609 2538 tulit
630 2493 692 2555 qua
713 2475 765 2538 via
785 2470 870 2537 Ditis
893 2493 1004 2558 equos;

229 2555 296 2623 asi
317 2559 350 2622 te
371 2554 455 2621 forte
476 2555 587 2621 iuvant
607 2555 718 2624 Helles
740 2556 987 2622 Athamantidos
1006 2555 1128 2642 urbes,

301 2640 371 2710 Nec
393 2639 563 2724 desiderio,
587 2639 694 2726 Tulle,
715 2662 843 2708 movere
864 2662 947 2708 meo.
1228 2629 1229 2646 ¹

258 2723 308 2792 Tu
328 2725 405 2790 licet
427 2726 563 2824 aspicias
586 2726 708 2791 caelum
723 2747 816 2791 omne
830 2727 966 2790 Atlanta
982 2727 1165 2811 gerentem,

258 2893 288 2960 G
314 2809 592 2896 actaque⁴Persea
612 2809 787 2874 Phorcidos
810 2831 866 2875 ora
887 2833 1000 2892 manu,

212 2991 245 3040 10

344 2893 416 2961 onis
438 2893 562 2966 stabula
583 2897 616 2964 et
636 2895 815 2960 luctantum
836 2896 872 2958 in
892 2895 1021 2979 pulvere
1044 2893 1146 2978 signa

331 2977 449 3046 erculis
470 2978 649 3063 Antaeique
670 2977 945 3076 Hesperidumque
967 2977 1096 3058 choros,

289 2915 306 2959 e

258 3061 369 3214 Tapae
390 3065 445 3127 tuo
469 3059 624 3128 Colchum
645 3065 805 3148 propellas
826 3084 946 3149 remige
969 3061 1109 3146 Phasin,
1225 3089 1227 3112 1

329 3146 508 3231 eliacaeque
527 3147 628 3213 trabis
650 3150 755 3213 toturn
775 3148 836 3212 iter
857 3148 926 3232 ipse
948 3148 1052 3230 legas,

259 3226 329 3304 Qua
349 3230 437 3299 rudis
458 3231 570 3317 Argoa
591 3234 682 3296 natat
702 3233 787 3298 inter
809 3253 885 3296 saxa
907 3231 1055 3296 columba

300 3309 341 3380 In
361 3313 477 3389 {aciem
488 3335 611 3462 (prorae
632 3316 727 3400 pinus
750 3315 862 3382 adacta
882 3337 1001 3398 novae,

202 3398 244 3459 '15
257 3395 303 3462 Et
324 3396 382 3477 sis,
406 3415 468 3478 qua
516 3400 623 3482 rtygia
644 3403 677 3466 ct
697 3401 828 3465 visenda
851 3402 900 3466 est
920 3421 976 3464 ora
997 3397 1147 3486 Caystri,

300 3477 346 3546 Et
367 3497 429 3561 qua
451 3482 597 3563 septenas
619 3485 776 3569 temperat
795 3484 882 3550 unda
902 3484 984 3568 vias3
