2476 4018
49 232 132 302 rm]
443 229 551 284 ainau
571 229 619 284 111.

90 393 260 476 Suscipere
283 395 316 457 et
337 390 456 456 Veneri
476 413 596 476 ponere
617 393 693 456 voa
715 390 818 488 iuvat:

48 478 207 562 Incipiam
229 479 358 560 captare
378 476 462 540 feras
485 475 769 567 etffldmpm

90 562 223 628 Cornua
244 566 278 626 et
298 561 432 625 audaces
453 561 523 644 ipse
543 581 673 625 monere
695 582 804 644 canes3
978 575 1014 626 ao

49 627 257 710 Nofftffm‘en
277 649 314 710 ut
334 649 441 710 vastos
464 646 565 708 ausim
585 648 742 730 temptare
763 646 871 710 leones

90 732 160 794 Aut
182 731 266 795 celer
287 733 428 827 agrestes
450 730 628 794 comminus
649 731 696 794 ire
719 751 800 794 sues.

49 814 139 879 Haec
160 815 261 900 igitur
282 814 362 878 mihi
383 815 426 878 sit
447 815 572 897 lepores
594 814 724 879 audacia
744 814 858 878 molles

89 900 249 982 Excipere
271 903 305 963 et
326 899 436 963 stricto
458 899 556 983 figere
577 921 668 964 avem
690 899 811 963 calamo
817 947 826 981 ,

51 984 119 1058 Qua
140 983 283 1048 formosa
304 1005 361 1048 suo
384 983 565 1048 Clitumnus
585 984 718 1048 flumina
738 984 810 1049 luco
977 997 1010 1046 25

90 1068 216 1153 Intcgit
237 1071 270 1132 et
289 1069 400 1132 niveos
422 1068 524 1132 abluit
544 1068 629 1132 unda
650 1068 758 1132 bovas.

52 1151 97 1214 Tu
119 1153 268 1235 quotiens
291 1151 412 1236 aliquid
433 1151 606 1234 conabere,
627 1152 707 1235 vita,
729 1154 890 1217 memento

90 1236 270 1302 Venturum
291 1238 401 1322 paucis
422 1258 474 1300 me
498 1237 559 1300 tibi
579 1236 743 1301 Luciferis,

54 1319 102 1384 Sic
123 1343 176 1385 me
196 1343 256 1388 nec
277 1322 365 1386 solae
385 1324 537 1405 poterunt
557 1326 698 1386 avertere
720 1322 817 1386 silvae

89 1405 159 1470 Nec
181 1427 264 1490 vaga
284 1407 439 1470 muscosis
459 1406 591 1470 flumina
612 1407 683 1470 fusa
704 1406 804 1503 iugis,
975 1420 1010 1470 30

52 1488 133 1562 Quin
155 1511 217 1574 ego
239 1491 275 1553 in
296 1489 428 1554 adsidua
448 1494 569 1555 mutem
589 1493 646 1554 tua
665 1511 797 1554 nomina
818 1490 944 1574 lingua,

89 1574 228 1638 Absenti
247 1595 343 1639 nemo
364 1596 406 1640 ne
427 1576 574 1639 nocuisse
595 1574 682 1638 velit.

453 1705 605 1716 ——-———-

420 1791 508 1863 ΧΠΙ
534 1792 641 1884 [ΧΧ].

51 1912 131 1989 Quid
153 1913 211 1978 fles
233 1913 370 1978 abducta
391 1914 518 1997 gravius
541 1911 706 1978 Briseide?
728 1912 804 2061 ‹puid
825 1912 882 1977 fles

88 2000 197 2062 Anxia
219 1999 344 2082 captiva
363 1999 486 2062 tristius
508 1996 734 2062 Andromacha
912 2053 915 2062 ,

51 2081 172 2157 Quidve
192 2105 264 2148 mea
286 2082 324 2147 dc
346 2081 456 2146 fraude
479 2081 569 2164 deos,
591 2083 718 2165 insana,
740 2079 881 2166 fatigas?

89 2167 174 2244 Quid
195 2167 335 2250 quereris
356 2170 499 2231 nostram
521 2167 567 2230 sio
592 2167 743 2230 cecidisse
764 2163 881 2230 fidem?

52 2249 125 2316 Non
147 2255 214 2316 tam
235 2255 394 2316 nocturna
414 2251 551 2316 volucris
573 2250 701 2316 funesta
722 2251 850 2335 querela
992 2264 1011 2314 t

88 2337 199 2401 Attica
221 2335 384 2420 Cecropiis
407 2335 563 2420 obstrepit
584 2336 619 2400 in
639 2336 742 2420 foliis,

51 2417 122 2512 Nec,
136 2423 263 2484 tantm
283 2420 407 2485 Niobae
429 2421 478 2484 bis
501 2442 557 2484 sex
578 2420 617 2484 ad
639 2421 733 2486 busta
755 2420 908 2506 superbae

89 2505 236 2569 Sollicito
259 2505 407 2569 lacrimae
428 2504 539 2568 defluit
560 2527 579 2568 a
601 2503 720 2588 Sipylo.

51 2586 99 2653 Me
121 2589 198 2654 licet
219 2591 334 2654 aeratis
356 2589 536 2673 astringant
557 2589 686 2652 brachia
706 2589 800 2652 nodis
806 2637 815 2670 ,

89 2673 163 2738 Sint
183 2695 257 2738 mea
276 2674 328 2738 vel
348 2671 475 2738 Danaes
499 2673 627 2736 condita
647 2672 790 2735 membra
812 2672 922 2752 domo,
976 2685 1009 2733 10

49 2753 86 2820 In
106 2761 142 2820 te
164 2779 224 2842 ego
246 2761 279 2822 et
300 2761 422 2822 aeratas
443 2777 604 2840 rumpam,
627 2757 798 2838 macuta,
822 2758 949 2820 catenas
955 2804 965 2838 ,

87 2841 253 2906 Ferratam
274 2842 402 2908 Danaes
422 2842 663 2925 transiliamque
685 2840 824 2905 domum.

48 2923 94 2990 De
116 2929 151 2990 te
172 2928 391 3010 quodcumque
412 2925 452 2990 ad
474 2927 584 2991 surdas
606 2925 686 2990 mihi
708 2925 830 2989 dicitur·
845 2945 950 2988 aures:

86 3011 140 3074 Tu
159 3012 254 3074 modo
276 3033 317 3076 ne
340 3011 450 3076 dubita
471 3012 510 3075 de
531 3011 689 3095 gravitate
710 3030 790 3073 mea.

48 3095 131 3158 Ossa
150 3097 211 3158 tibi
232 3097 302 3160 iuro
324 3117 382 3180 per
403 3096 513 3160 matris
537 3099 569 3158 et
591 3116 663 3159 ossa
684 3093 826 3178 parentis
976 3107 1009 3154 15

87 3178 142 3264 (Si
161 3180 254 3264 fallo,
277 3181 357 3244 cinis
379 3179 441 3244 beu
463 3181 506 3246 sit
526 3179 605 3243 mihi
627 3183 758 3262 uterque
779 3177 916 3263 gravisi)

47 3261 98 3327 Me
122 3263 181 3329 tibi
203 3265 242 3328 ad
265 3268 421 3328 artemas
442 3285 641 3345 mansurum,
663 3264 744 3346 vita,
766 3263 930 3328 tenebras:

86 3347 212 3412 Ambos
233 3370 298 3412 unc
318 3348 397 3413 fides
419 3350 555 3432 auferet,
577 3370 642 3412 rma
663 3348 740 3413 dies.

47 3431 140 3506 Quod
162 3433 189 3496 si
210 3454 270 3498 nec
291 3454 409 3498 nomen
430 3455 490 3499 nec
511 3456 562 3498 ma
584 3436 639 3496 tua
660 3433 764 3498 forma
783 3434 923 3512 teneret,

87 3516 203 3582 Posset
224 3519 388 3584 servitium
409 3518 487 3582 mite
508 3521 617 3584 tenere
637 3522 737 3583 tuum.
974 3526 1009 3574 20
