2486 4010
53 235 121 309 vu]
243 215 250 228 '
486 237 595 294 nune
614 237 650 299 v.
980 237 1046 304 105

56 397 164 472 Serta
184 396 360 463 Philetaeis
382 401 505 464 certent
525 400 672 466 Romana
693 405 868 491 corymbis,

100 481 157 546 Et
180 481 360 565 Cyrenaeas
381 505 463 548 urna
483 485 645 550 ministret
666 507 773 570 aquas.

56 565 208 633 costum
229 567 327 642 molle
350 565 425 632 date
447 570 480 631 et
500 568 610 634 blandi
635 570 716 635 mihi
737 572 818 636 turis
832 572 981 658 honores,
1023 585 1043 638 5

103 651 239 734 Terque
260 651 369 716 focum
392 651 475 716 circa
496 653 608 718 laneus
631 655 719 719 orbis
741 657 803 720 eat.

58 733 107 820 Sp
179 735 221 799 'tc
242 755 295 800 me
316 735 467 833 lymphis,
490 757 680 822 carmenque
700 741 885 806 recentibus
907 742 971 806 aris

105 757 208 884 ffb
229 817 415 903 Mygdonia
438 820 518 885 libet
539 823 660 887 eburna
683 824 779 890 cadis.

58 902 115 968 Ite
140 903 255 987 procul
276 903 414 986 fraudes,
436 905 500 968 alio
523 906 589 970 sint
610 929 682 971 aere
703 929 821 974 noxae:

106 987 199 1052 Pura
220 1007 340 1052 novum
360 989 427 1052 vati
448 989 555 1055 laurea
577 991 682 1056 mollit
703 993 772 1056 iter.
1008 1006 1046 1058 10

60 1071 174 1156 Musa,
187 1071 337 1138 Palatini
358 1073 532 1138 referemus
553 1075 717 1158 Apollinis
740 1077 865 1142 aedem:

108 1156 177 1222 Res
201 1160 259 1240 est,
282 1155 437 1242 Calliope,
460 1157 559 1244 digna
579 1161 691 1224 favore
712 1163 779 1225 tuo.

64 1239 218 1306 Caesaris
240 1241 276 1305 in
296 1262 416 1306 nomen
438 1241 597 1308 ducuntur
619 1245 775 1310 carmina:
798 1243 914 1311 Caesar

109 1325 201 1390 Dum
222 1326 363 1410 canitur,
386 1348 519 1410 quaeso,
541 1327 686 1413 Iuppiter
708 1331 777 1415 ipse
799 1352 901 1396 vaces.

63 1410 132 1476 Est
152 1409 276 1474 Phoebi
298 1411 426 1496 fugiens
447 1411 630 1478 Athamana
652 1414 693 1476 ad
714 1415 810 1478 litora
830 1420 952 1499 portus,
1007 1427 1042 1478 15

114 1493 184 1571 Qua
207 1495 296 1558 sinus
317 1494 429 1560 Ioniae
450 1516 614 1561 murmura
634 1495 744 1561 condit
765 1519 876 1580 aquae,

66 1579 168 1644 Actia
189 1577 296 1644 Iuleae
318 1580 452 1665 pelagus
473 1582 672 1644 monimenta
694 1581 835 1664 carinae,

114 1663 295 1729 Nautarum
316 1665 400 1728 votis
421 1685 487 1728 non
509 1685 644 1750 operosa
664 1665 725 1729 via.

67 1747 145 1812 Huc
166 1747 279 1811 mundi
300 1749 404 1812 coiere
425 1771 556 1813 manus:
579 1749 670 1812 stetit
691 1769 827 1832 aequore
848 1749 949 1814 moles

112 1831 223 1911 Pinea,
245 1853 306 1896 nec
327 1833 424 1896 remis
446 1854 546 1916 aequa
567 1833 695 1898 favebat
716 1833 793 1898 avis.
1006 1846 1043 1897 ao

68 1916 185 1982 Altera
207 1916 317 1982 classis
340 1920 408 1981 erat
425 1915 548 1984 Teucro
571 1917 721 1982 damnata
743 1916 887 2001 Quirino,

112 2000 248 2084 Pilaque
269 1999 406 2065 feminae
428 2002 564 2086 turpiter
586 2006 661 2086 apta
682 2023 794 2066 manu:

68 2085 158 2150 Hinc
179 2087 326 2170 Augusta
346 2085 424 2150 ratis
446 2086 550 2169 plenis
571 2085 658 2151 Iovis
681 2088 787 2151 omine
808 2085 887 2150 velis

115 2167 150 2234 Si
198 2191 279 2253 aque
299 2170 364 2234 iam
386 2171 509 2253 patriae
530 2171 658 2235 vincere
679 2171 775 2235 docta
796 2192 880 2234 suae.

70 2191 216 2318 Tandhnm
237 2254 321 2318 acies
367 2255 489 2318 eminos
510 2254 634 2320 Nereus
656 2255 783 2320 lunarat
803 2255 839 2319 in
860 2277 962 2336 arcus,
1005 2267 1041 2319 25

113 2338 287 2403 Armorum
307 2275 406 2404 radiis
427 2339 514 2424 picta
534 2339 692 2404 tremebat
713 2363 809 2424 aqua,

72 2421 154 2488 (lum
175 2420 324 2487 Phoebus
346 2424 495 2508 linquens
518 2427 656 2489 stantem
678 2447 712 2490 se
734 2425 859 2490 vindice
881 2423 987 2488 Delon

116 2505 215 2591 (Nem
236 2507 312 2572 tulit
332 2507 432 2572 iratos
453 2509 583 2574 mobilis
604 2531 669 2574 una
690 2509 809 2593 Notos)

70 2591 186 2660 Astitit
206 2592 347 2677 Augusti
366 2593 500 2677 puppim
522 2615 632 2677 super,
655 2596 687 2656 et
707 2614 792 2656 nova
812 2591 941 2656 flamma

115 2675 212 2741 Luxit
232 2677 267 2741 in
289 2677 452 2760 obliquam
472 2680 522 2740 ter
544 2678 669 2740 sinuata
689 2676 801 2740 facem.
1005 2688 1042 2740 30

72 2759 150 2825 Non
171 2761 226 2824 ille
248 2761 398 2826 attulerat
421 2760 525 2826 crines
547 2761 582 2824 in
604 2761 687 2824 colla
709 2760 830 2824 solutos

113 2843 168 2917 Ad
187 2845 385 2910 testudineae
408 2867 536 2910 carmen
556 2845 677 2910 inerme
699 2845 796 2929 lyrae,

71 2927 136 3000 Sed
157 2929 244 3016 quali
266 2931 391 3015 aspexit
404 2929 579 3013 Pelopeum
600 2930 844 3014 Agamemnona
865 2928 963 3012 voltu,

113 3010 306 3098 Egessitque
329 3014 429 3078 avidis
451 3013 570 3079 Dorica
592 3017 695 3078 castra
715 3014 814 3098 rogis,

72 3097 141 3162 Aut
162 3097 265 3181 qualis
286 3099 386 3163 flexos
408 3099 505 3163 solvit
526 3096 675 3181 Pythona
695 3120 753 3182 per
774 3098 865 3162 orbes
1003 3108 1039 3161 85

116 3180 319 3268 Serpentem,
342 3183 477 3248 inbelles
500 3205 596 3266 quom
617 3186 744 3247 tacuere
766 3183 863 3266 lyrae.

72 3263 150 3332 Mox
171 3266 217 3332 ait
239 3275 271 3332 ‘o
293 3269 393 3353 longa
413 3267 524 3334 mundi
546 3271 688 3333 servator
710 3267 749 3331 ab
770 3267 865 3353 Alba,

114 3348 271 3436 Auguste,
293 3351 462 3418 Hectoreis
484 3353 612 3439 cognite
634 3353 736 3416 maior
758 3353 835 3436 avis,

72 3433 175 3500 Vince
196 3437 292 3502 mari:
314 3438 379 3502 iam
400 3441 486 3502 terra
506 3441 608 3503 tuest:
630 3438 691 3503 tibi
711 3438 829 3503 militat
851 3459 952 3520 arcus,

113 3517 267 3586 Etfavet
288 3544 326 3590 cx
348 3523 466 3590 umeris
487 3522 549 3589 hoc
571 3543 651 3590 onus
675 3545 769 3590 omne
790 3522 880 3591 meis.
1003 3531 1039 3584 40
