2468 4036
194 255 309 306 XXVIII
575 243 788 302 PRAEFATIO.

194 414 280 488 plum
301 415 403 472 extant
422 409 538 486 priores
552 415 614 472 tres
635 411 704 471 libri
719 411 878 486 Propertii.
908 410 979 471 Mox
992 414 1093 472 tamen
1110 431 1158 472 au·

197 496 333 556 ctoritate
349 494 449 556 Ovidii
464 496 574 570 evenit,
595 498 629 554 ut
642 495 755 556 relictis
770 495 837 556 istis
851 494 982 557 modulis
996 497 1159 556 cultissima

196 597 328 656 quaeque
349 581 533 640 sectarentur
553 579 605 658 qui
630 579 755 640 disticha
779 581 955 658 pangerent
996 580 1159 642 Sedenim

195 663 255 724 iem
270 663 306 722 de
321 663 412 726 Albio
426 664 592 724 videamus.

260 763 350 823 Cuius
369 765 401 822 in
416 766 480 822 arte
495 761 687 822 describenda
700 762 750 822 vix
764 781 819 823 nos
834 763 1002 823 morabitur
1014 763 1095 840 quod
1111 764 1159 822 ad·

197 847 259 906 dita
278 848 415 916 feruntur
434 847 613 908 carminibus
634 846 697 906 eius
713 850 814 922 aperte
830 849 935 921 aliena,
950 850 1027 924 pute
1040 847 1158 924 Lygdo

196 931 251 1004 mi,
275 932 437 1007 Sulpiciae,
459 931 522 990 eius
543 933 594 1007 qui
623 931 742 1006 scripsit
769 931 871 991 leudes
894 931 1051 990 Messallae
1072 950 1160 990 versu

196 1015 323 1075 heroice.
353 1015 431 1075 Nem
450 1015 481 1074 hi
504 1033 606 1075 omnes
620 1018 655 1074 ut
669 1018 766 1074 aetate
781 1033 922 1092 suppares
937 1015 980 1074 ita
993 1017 1160 1074 metrorum

196 1100 361 1159 rationibus
383 1100 455 1158 adeo
477 1101 547 1159 sunt
565 1099 678 1160 similes
693 1099 814 1174 Tibulli,
831 1099 917 1158 focile
932 1101 967 1158 nt
980 1099 1159 1174 persuadeas

195 1183 253 1241 tibi
274 1183 378 1242 ducem
404 1195 472 1241 eum
496 1183 588 1244 fuisse
613 1184 675 1243 illis
701 1186 732 1242 et
757 1184 934 1262 magistrum
954 1182 991 1241 ad
1011 1185 1158 1258 paelicem

196 1266 397 1326 tendentibus.
434 1266 546 1327 Tamen
566 1286 641 1344 quae
663 1267 779 1334 diversa
798 1267 835 1326 ab
856 1267 919 1327 eius
938 1285 1045 1326 norme
1067 1265 1159 1326 admi·

197 1367 277 1424 sere‚
299 1352 330 1408 et
343 1369 467 1410 numero
482 1353 588 1427 exigue
602 1351 655 1410 illa
670 1353 701 1412 et
714 1369 807 1426 parvo
822 1354 985 1432 momento,
1006 1365 1076 1409 eum
1091 1368 1159 1410 cura

196 1433 413 1493 indicabuntur.
605 1493 607 1496 .

259 1517 357 1594 Igitur
370 1518 534 1578 hexametri
550 1519 714 1578 Tibulliani
728 1519 800 1578 haec
815 1522 862 1579 est
876 1519 1003 1595 speeies:

464 1637 754 1648 ..n-——n-

197 1738 315 1797 excluso
329 1740 364 1796 ut
378 1735 461 1798 vides
476 1754 493 1795 a
508 1736 576 1796 sede
588 1733 773 1812 paenultima
781 1737 921 1812 spondeo.
938 1734 1068 1800 Omnino
1081 1737 1159 1796 huno

196 1821 303 1896 pedem
325 1824 360 1880 ut
379 1820 548 1898 graviorem
568 1821 669 1896 paullo
696 1820 917 1896 tardioremque
943 1819 1043 1884 minus
1068 1839 1159 1896 quam

197 1903 332 1965 Catullus
347 1908 378 1964 et
391 1905 566 1980 Propertius
580 1905 612 1962 in
627 1904 718 1963 simili
733 1907 829 1964 metro
845 1903 1001 1980 usurpavit
1010 1904 1071 1963 ille.
1104 1904 1158 1964 His

196 1990 297 2048 temen
315 1989 457 2048 hactenus
478 1992 524 2048 est
545 1988 663 2062 similis,
686 1989 765 2064 quod
779 1988 931 2048 incisionis
947 1987 1159 2063 semiseptena-

196 2072 258 2130 riae
274 2089 384 2148 genera
403 2073 593 2149 pluraquam
609 2069 716 2132 OvidIo
739 2090 806 2131 oum
821 2073 1015 2132 severissimis
1031 2073 1158 2131 auctori·

196 2155 252 2216 bns
267 2157 339 2216 artis
353 2157 512 2232 probatum
527 2157 660 2216 admittit
672 2159 769 2216 metro
783 2157 910 2216 heroico.
936 2155 1059 2216 Etenim
1073 2174 1158 2232 pree·

71 2251 74 2260 ·
195 2241 243 2297 ter
256 2240 347 2316 vulgo
362 2243 479 2316 recepta
492 2240 564 2300 haec
579 2244 610 2302 et
624 2241 696 2300 talia

749 2354 753 2372 a

397 2354 754 2420 ..νυ-Ινν-υΙν-1
768 2386 969 2408 ννννννν

398 2485 599 2510 aaaaaaa
614 2453 947 2522 imam„

397 2555 527 2621 ,mi
542 2587 712 2610 „„„„„„
727 2555 732 2621 ι
747 2587 946 2609 „„„„„„„

279 2659 383 2736 bisque
399 2661 446 2720 die
466 2656 470 2740 1
489 2662 621 2721 resoluto
636 2678 733 2720 comas
753 2655 758 2738 Ι
778 2660 834 2719 tibi
849 2659 945 2720 dicere
959 2659 1064 2729 laudes

282 2749 401 2821 atquae
416 2745 547 2818 lideford
561 2745 647 2818 nulli,
669 2739 673 2822 l
691 2747 761 2820 post
774 2744 853 2804 vieta
868 2747 985 2813 senecta

279 2830 356 2904 ferte
371 2833 403 2889 et
417 2849 502 2906 opes:
524 2826 528 2908 Ι
549 2847 603 2906 ego
620 2828 771 2905 conposito
791 2823 796 2908 Ι
816 2846 935 2891 securus
951 2845 1056 2888 acervo

194 2930 285 2992 habet
298 2932 389 2993 etiam
402 2933 438 2990 ut
451 2933 524 3006 puta
537 2930 591 2988 illa

397 3075 626 3100 νννννννν
641 3044 945 3110 Ινμινν-νν-ν

397 3178 537 3197 „„„„„
553 3144 964 3214 Inmensum„

279 3250 337 3308 huo
351 3249 420 3308 ades
436 3249 611 3326 adeptaque
624 3249 698 3312 mihi
717 3245 723 3328 Ι
741 3248 813 3308 dum
828 3250 957 3312 carmine
970 3251 1074 3314 nostro

281 3351 342 3394 non
358 3350 414 3408 ego
429 3338 504 3394 totus
518 3335 628 3396 abesset
640 3351 724 3396 emor
743 3329 748 3412 Ι
767 3334 820 3394 sed
832 3336 956 3394 mutuus
968 3335 1058 3394 assat

260 3434 428 3507 Numquam
442 3435 544 3492 mmen
558 3433 679 3493 adhibet
702 3433 831 3515 speciem
845 3437 967 3508 sextam,
988 3450 1047 3509 que
1060 3434 1096 3493 et
1107 3435 1159 3495 ab·

197 3516 238 3575 sit
251 3517 481 3576 trithemimeres
495 3534 550 3575 nec
564 3516 704 3576 trochaeo
718 3518 807 3578 tertio
822 3519 948 3579 verbum
961 3517 1091 3578 finietur.
1115 3517 1160 3578 Ee
