2444 4056
184 193 236 240 LII
561 177 773 234 PRAEFATIO

246 348 288 408 ib.
312 349 350 408 14
369 347 570 421 surreptorem
589 345 679 418 idem,
705 344 766 416 fero
789 343 941 419 yteriosior
959 347 1010 405 vel
1033 346 1165 407 similli

184 451 234 490 ma
248 431 313 490 cdd.

247 515 287 573 ib
305 515 344 573 23
364 519 463 574 rostro
475 529 652 586 quemquem
672 512 810 572 tuberum
824 511 945 586 scripsi3
969 512 1033 572 odd.
1048 521 1161 575 rostro

185 601 317 670 ruamus
335 599 492 658 iubeamus
512 596 573 657 sive
594 595 726 670 rumoris
740 599 837 656 uestro
851 596 1009 656 metamus
1025 594 1102 673 (etsi
1120 601 1159 658 cle

185 682 239 742 hae
252 682 379 741 lectione
399 683 496 740 minus
516 677 644 756 constat)
665 683 784 755 praeter
799 679 870 737 alias
885 682 1069 755 corruptelas
1086 683 1159 742 sive

184 765 443 841 interpolationes,
470 783 544 839 quas
572 764 673 823 videre
701 766 748 822 est
775 763 854 838 apud
881 762 1091 824 Burmannum
1123 769 1158 824 et

185 849 353 926 Meyerum3
375 849 441 907 edd.
456 850 572 908 veteres
591 852 624 906 ut
644 847 810 908 motuum.
840 845 968 906 Videtur
983 849 1155 924 antiquitus

186 933 276 992 fuisse
291 933 434 993 traditum
448 948 537 1004 quom
550 932 703 1000 tuberum,
723 930 755 988 id
769 930 848 1005 quod
862 933 966 1004 postea
981 949 1080 992 emesa
1095 933 1155 990 Mi-

184 1035 277 1076 nerva
290 1017 489 1086 eorrexerunt.
515 1013 615 1090 Vulgo
631 1013 771 1074 scribitur
786 1014 908 1073 elisione
924 1019 971 1074 sat
984 1016 1151 1092 ineleganti

184 1117 258 1172 quoe
272 1104 376 1160 mutto
390 1100 522 1172 cucumis
536 1103 634 1160 uestro
648 1099 787 1158 icterus
800 1099 835 1157 tm
848 1103 954 1171 saepto.
1006 1108 1009 1120 ·

247 1199 288 1258 ib.
306 1201 344 1258 28
360 1199 411 1258 tec
423 1217 473 1258 eos
488 1205 513 1258 et
526 1201 623 1272 ipsum
636 1198 804 1271 Sertorius,
819 1214 870 1258 cos
884 1197 935 1258 icc
949 1201 1083 1272 etipsum
1096 1217 1153 1260 nos

66 1269 70 1274 ’
184 1282 213 1341 d.
228 1301 253 1342 r.
269 1303 309 1342 m.
325 1283 396 1355 343,
412 1287 501 1343 etros
515 1283 676 1356 herimum
692 1281 756 1340 cdd.

195 1375 197 1380 ’
249 1384 303 1456 52,
322 1385 361 1441 10
379 1382 455 1441 illud
473 1384 657 1442 mutuuiotus
676 1399 729 1458 pro
750 1383 930 1442 mutoutotus
949 1401 985 1452 ex
1003 1382 1069 1441 cdd.
1085 1401 1151 1442 cor·

184 1467 309 1541 ruptelis
324 1469 437 1541 primns
450 1466 583 1526 restituit
597 1465 803 1524 Buechelerus.

248 1551 289 1608 ib.
307 1551 345 1607 12
366 1550 402 1608 cf.
419 1569 492 1624 quae
513 1550 640 1607 diximus
662 1549 699 1606 ad
715 1547 777 1608 Oet.
795 1549 823 1623 5,
842 1551 896 1624 133
917 1549 1009 1608 etiam
1029 1567 1150 1626 praece-

185 1631 258 1692 dens
272 1652 376 1692 versus
391 1635 437 1692 est
451 1632 556 1691 ductus
571 1651 607 1690 ex
622 1630 686 1691 Cat
704 1635 799 1704 35,7.

248 1718 298 1792 53,
316 1718 334 1774 2
350 1719 469 1791 ruptum
483 1717 595 1792 scripsi,
612 1719 730 1790 cupierit
744 1735 771 1774 v.

248 1803 288 1862 ib.
306 1804 324 1863 3
347 1797 1137 1934 5555Β5555555155,5555555,5555555555555

184 1885 275 1962 Verg
291 1890 380 1958 extat,
396 1888 510 1946 dcsitv.

249 1970 332 2042 54,1
350 1968 404 2026 OD
417 1969 623 2041 Buechelerus,
640 1969 688 2027 erte
703 1968 815 2041 scripti

248 2053 298 2123 55,
317 2055 333 2106 1
344 2053 437 2123 possit
450 2051 586 2109 revocavi
601 2069 617 2109 e
633 2050 731 2109 Guelf.
749 2052 969 2123 resperserit.

247 2134 289 2192 ib
307 2135 324 2190 2
340 2136 505 2206 surripuere
520 2138 555 2192 ex
570 2134 633 2191 edd.
650 2134 783 2193 restituit
796 2133 1003 2194 Buechelerus.

247 2217 287 2275 ib.
305 2217 323 2275 5
338 2217 410 2276 muti
411 2218 482 2276 otor
496 2237 534 2288 v.,
551 2223 613 2276 emt
602 2219 685 2276 tutor
698 2216 736 2274 N.
751 2217 901 2291 Heinsius,
918 2218 986 2276 fort.
1002 2222 1092 2278 recte.

248 2301 296 2373 57,
315 2301 332 2356 2
358 2301 445 2360 turbo
463 2301 570 2374 putido
593 2300 672 2372 foetu
695 2302 893 2371 soeculorum·
911 2301 1019 2374 purior
1045 2303 1144 2378 potius

184 2403 273 2459 quam
287 2384 412 2458 putrido
432 2388 496 2443 erat
516 2384 703 2444 scribendum
718 2387 840 2460 propter
854 2387 988 2460 opertam
1001 2385 1142 2445 imitatio-

183 2485 253 2526 nem
274 2487 377 2528 versus
397 2467 566 2541 Horatiani,
588 2471 676 2543 quem
697 2472 727 2526 et
746 2467 843 2527 adfert
857 2469 1064 2542 BuecheleruS,
1086 2473 1142 2530 ‘ro-

183 2553 358 2628 gorelengo
373 2551 507 2627 putidam
521 2555 551 2611 te
567 2552 706 2611 saeculo?

246 2654 286 2712 ib.
302 2654 322 2710 4
342 2653 489 2714 Priamive
508 2653 672 2714 Nestorisue
693 2654 812 2728 scripsi;
832 2654 924 2730 vulgo
944 2653 1141 2712 minueretis

183 2735 588 2812 ‘ritusqueritusque
621 2737 706 2807 Quod
726 2739 828 2796 contro
848 2737 988 2796 settene
1008 2735 1142 2798 sehabet

184 2823 233 2897 77,
248 2823 268 2880 4
282 2823 358 2882 illud
374 2822 530 2882 Tittouum
544 2821 754 2895 Priamumque
769 2819 980 2894 Nestoremque.

244 2924 285 2980 ib.
303 2927 320 2984 6
337 2925 408 2984 desit
422 2944 461 2997 v,
483 2923 636 3000 Meyerus,
660 2924 750 2983 desim
764 2921 838 2993 cdd,
855 2920 1067 2995 Buechelerus3
1090 2921 1139 2980 sed

182 3005 262 3062 euim
276 3026 304 3065 v.
322 3009 339 3064 7
357 3011 478 3082 apparet
493 3014 583 3067 onum
597 3007 682 3068 illam
696 3006 806 3082 petisse
821 3023 885 3063 rem
899 3005 988 3080 plane
1002 3006 1085 3074 entra
1097 3003 1138 3062 fa

182 3089 323 3147 cultatem
334 3089 435 3164 Priapi
449 3094 587 3167 positum.

249 3189 290 3248 ib.
307 3191 335 3248 8.
364 3189 452 3248 Hunc
471 3209 591 3250 versum
612 3211 630 3249 a
643 3191 733 3251 sciolo
748 3209 802 3265 per
815 3189 1076 3264 interpolationem
1091 3187 1136 3245 ad-

179 3273 290 3331 iectum
311 3291 374 3331 esse
394 3273 487 3348 priori
502 3273 625 3332 carmini
641 3274 791 3332 adsentior
805 3275 970 3348 plerisque3
993 3276 1027 3330 ut
1040 3275 1137 3330 temen

180 3375 249 3414 eum
264 3358 346 3415 omui
360 3359 494 3430 tempore
508 3357 600 3414 fuisse
615 3357 647 3414 in
660 3357 763 3414 nostre
777 3358 893 3432 sylloge
908 3357 1083 3416 existimem.

245 3441 336 3514 58,1
363 3442 532 3512 quicumque
550 3444 681 3501 uestrum
699 3437 750 3510 sur
770 3439 901 3511 fefellerit
919 3441 1029 3510 sedem;
1048 3439 1136 3499 sedem
