2470 4010
423 229 636 288 PRAEFATIO.
909 243 1020 292 LxxxI

121 398 202 458 Finis
222 398 341 458 numeri
362 416 480 473 semper
495 400 612 457 constat
625 398 771 458 vocabulo
786 400 944 476 plusquam
959 417 1021 460 mo·

67 483 210 558 uosyllabo
225 485 345 558 praeter
360 483 410 555 36,
429 484 484 540 11:
1030 488 1033 494 '

259 583 332 642 deus
347 581 457 658 Priapo
471 581 666 642 mantulatior
681 599 742 642 aon
755 589 805 652 est,

21 653 22 656 Ἴ
67 686 110 742 ubi
120 684 197 745 binis
207 683 433 759 monosyllabis,
449 683 502 743 sed
516 685 612 744 altero
622 683 871 744 anolitioofinitur
881 687 1021 745 metrum·

69 767 105 826 ss.
120 769 145 827 d.
161 789 185 827 r.
201 787 243 826 ιιι.
258 787 309 844 pg.
326 768 397 826 227.

121 851 175 912 ΙΠ.
197 851 311 912 Versus
325 851 481 927 phalaecii.

360 964 692 1002 --Δνυὲνὲνὲῦ

20 1063 21 1100 ῑ
122 1054 156 1114 In
169 1053 235 1114 basi
251 1072 369 1130 semper
382 1053 509 1112 habetur
524 1053 683 1130 spondeus,
698 1057 821 1131 excepto
835 1056 915 1132 quod
930 1055 1023 1116 semel

20 1135 21 1140 ’
68 1135 123 1198 sine
137 1138 202 1198 viiii
218 1137 384 1214 suspitione
397 1138 515 1198 iambus
531 1139 660 1198 ooourrit
676 1135 717 1218 [4‚
735 1135 765 1219 2]

260 1223 363 1284 diodus
377 1240 414 1281 ex
426 1221 640 1298 Elephantidos
655 1223 776 1283 libellis.

20 1339 22 1368 r
123 1305 257 1366 Videnda
271 1325 346 1382 quae
361 1306 489 1366 diximus
505 1307 533 1366 d.
549 1327 574 1365 r.
589 1327 629 1366 m.
647 1308 717 1367 162.
734 1309 805 1367 163.

122 1389 266 1449 Vltimam
291 1390 390 1450 thesin
417 1391 624 1466 monosyllabo
650 1395 786 1453 constare
815 1393 841 1452 si
866 1392 1023 1469 praecedat

68 1474 215 1549 plusquam
231 1475 473 1551 monosyllabum
487 1475 581 1535 nefas.

122 1558 157 1616 V.
180 1557 293 1618 Versus
307 1559 456 1635 pn'apeus.

123 1759 260 1820 Videnda
273 1779 349 1836 quae
363 1760 582 1836 disputavimus
597 1761 634 1821 de
648 1762 754 1822 eodem
769 1781 859 1838 supra
872 1763 905 1822 in
919 1763 1022 1822 libello

68 1861 118 1917 quo
132 1843 243 1904 (latulli
257 1847 355 1904 matra
368 1845 589 1920 descripsimus.

123 1928 273 2005 Syniaeais
284 1930 453 2005 exemplum
464 1928 543 2004 quod
555 1932 678 1990 notetur
689 1929 814 2006 dignum
825 1949 886 1990 non
900 1930 1023 1990 memini

70 2014 120 2070 nisi
132 2013 209 2071 illud
225 2008 267 2091 [2,
286 2009 336 2092 10]

302 2097 408 2173 templi
417 2099 583 2172 parietibus
596 2100 642 2157 tui
656 2099 775 2174 notavi3

68 2179 99 2236 of.
115 2181 142 2239 d.
158 2201 182 2240 r.
198 2200 239 2240 m.
256 2182 328 2240 257.

122 2281 215 2342 Porro
235 2281 416 2342 monendum
438 2284 568 2358 plurima
589 2283 658 2345 illos
685 2286 736 2360 qui
756 2283 883 2359 Pn'apea
906 2301 1023 2360 oompo-

68 2383 145 2424 suere
166 2384 237 2424 oura
256 2385 325 2427 usos
345 2385 409 2426 esse
431 2367 507 2426 oirca
531 2367 679 2444 elisiones,
700 2366 773 2444 quaa
794 2373 825 2428 et
838 2387 946 2445 pausas
960 2369 1024 2429 fare

68 2448 258 2510 adhibuerunt
270 2469 325 2510 neo
339 2450 533 2528 inelegantos.
624 2511 631 2524 ,

70 2611 79 2692 [
124 2534 209 2697 Viffide
230 2535 323 2594 semel
341 2534 433 2596 habes
453 2537 646 2596 imminutum
668 2537 847 2597 vocabulum
864 2537 1024 2597 iambicum

142 2721 213 2763 vere
227 2721 304 2776 rosa,
319 2706 462 2763 autumno
477 2705 583 2779 pomis,
599 2707 711 2764 aestate
726 2706 909 2780 frequentor.

123 2801 158 2860 ld
180 2805 333 2878 sumptum
353 2803 390 2863 ab
411 2806 547 2880 exemplo
563 2802 745 2878 catuniano,
768 2805 844 2864 sieut
863 2804 979 2864 iambus
992 2805 1026 2864 in

67 2884 126 2944 basi
145 2886 395 2963 hendecasyllabi.
426 2887 513 2947 Vnde
533 2890 711 2963 plerumque
730 2905 908 2964 permoveor
927 2890 962 2946 ut
980 2888 1025 2948 in·

67 2971 246 3042 probandum
265 2970 371 3030 duoam
391 2972 472 3048 quod
491 2972 699 3032 Lachmannus
719 2971 876 3046 proposuit
894 2974 929 3030 ut
954 2973 1025 3032 sori·

67 3053 181 3115 beratur
195 3055 278 3116 ‘vere
292 3075 369 3132 rosa,
385 3056 483 3132 pomis
497 3057 662 3115 autumno’.
685 3053 748 3115 Oet.
764 3055 802 3113 ol.
818 3055 846 3114 d.
861 3076 886 3114 r.
899 3075 939 3115 m.
953 3058 1024 3116 285.

66 3169 104 3178 -
118 3139 217 3200 Semel
237 3141 327 3200 etiam
347 3140 474 3202 verbum
490 3139 598 3200 eretioo
613 3139 693 3215 quod
707 3138 844 3199 finiretm
859 3141 979 3200 eliditur
993 3142 1025 3199 in

67 3221 144 3282 brevi
160 3221 222 3303 [85,
240 3219 271 3304 7]

212 3326 289 3385 altor
304 3325 427 3386 adsidua
441 3343 548 3386 cavens
562 3325 723 3402 dilipeatio,
737 3329 773 3385 ut
786 3325 887 3385 herba.

124 3425 192 3489 Non
212 3426 309 3502 magis
329 3445 419 3502 quam
438 3429 547 3488 oretioa
567 3428 723 3488 commissa
744 3446 811 3486 oum
825 3424 922 3488 vocali
940 3422 1026 3484 brevi

66 3507 207 3587 daotylioa
222 3529 346 3587 eaquae
360 3531 391 3570 ιιι
405 3511 507 3572 littera
522 3512 764 3574 taminarentur.
