2464 4020
385 243 389 251 ·
471 249 684 336 recurrero.
982 261 1053 310 xcv

77 420 296 478 concurrerent
317 417 520 494 ingratissimo
541 418 574 476 in
593 418 687 478 latina
705 433 777 478 voce
799 433 871 478 sono
887 418 986 478 dixere
1001 417 1051 478 Pe-

77 502 189 562 cuvius
201 503 242 560 'et
256 499 352 560 Varro
375 502 480 570 bouet·
500 502 635 576 plerique
656 504 756 560 autem
779 505 935 576 poetarum
961 504 1052 563 absti-

75 603 177 646 nuere
198 601 234 645 eo
254 586 345 644 uerbo
365 587 450 644 velut
464 585 607 644 Horatius
629 588 681 644 eut
700 585 851 644 rarissime
871 605 905 646 cc
918 588 970 648 vix
989 605 1051 647 um-

76 689 175 746 quam
190 669 350 728 adhibuere
365 671 401 728 ut
411 669 501 750 Naso,
519 671 648 744 exeeptis
663 669 706 730 eis
721 669 773 745 qui
787 670 940 745 antiquum
955 673 1051 747 giuvi-

77 757 180 814 tatem
195 752 335 812 affectent
348 755 421 828 puts
435 745 574 812 Lucretio
588 753 725 830 Vergilio
741 751 859 813 Catullo
874 752 906 814 in
920 753 995 814 Atti.

147 837 189 896 ib.
206 839 245 896 31
262 841 394 913 conpecto
408 835 446 910 N,
462 837 542 912 quod
556 837 668 911 reduxi,
685 837 722 896 ef.
738 837 842 896 Burm.

148 922 190 980 ib.
207 922 247 980 36
261 926 390 995 sucoso
404 921 425 978 1.
442 924 503 996 opt.
520 924 554 980 ut
569 941 615 997 ep.
632 920 696 982 cat.
714 922 763 994 64,
782 921 843 980 104
857 923 989 996 succepto.

148 1005 192 1063 ib.
208 1005 250 1063 40
269 999 369 1066 vadas
387 1003 473 1078 Itali,
495 1005 532 1063 ef.
549 1005 595 1079 H,
613 1007 661 1078 19,
678 1006 735 1080 213
757 1003 813 1065 Or.
830 1009 902 1066 met.
918 1005 957 1080 II,
976 1007 1051 1080 1943

78 1095 170 1150 votas
184 1088 222 1161 N,
238 1094 326 1149 natas
339 1109 369 1149 v.

148 1173 191 1232 ib.
207 1173 258 1230 41.
280 1173 368 1232 Hunc
382 1192 410 1232 v.
427 1191 444 1231 a
458 1171 615 1248 Propertio
629 1173 811 1234 abiudicavit
826 1171 968 1252 Scaliger.
1000 1171 1052 1234 Oe-

80 1261 187 1317 terum
201 1257 234 1316 in
247 1257 277 1316 N
291 1257 416 1332 aliisque
431 1255 495 1315 edd.
511 1259 570 1334 leg.
587 1257 662 1316 illud
677 1260 788 1333 accipit,
805 1261 839 1318 ut
853 1260 943 1318 etiem
958 1257 1053 1334 magis

82 1344 229 1418 appareat
239 1357 308 1400 eum
318 1359 355 1401 ex
365 1340 505 1400 inferiore
517 1343 582 1402 loco
591 1338 630 1421 [v.
640 1337 691 1422 66]
703 1343 761 1402 hue
773 1341 937 1420 supplenda
950 1343 1054 1402 ieouns

82 1426 211 1486 arcessit
265 1470 271 1482 .

149 1510 192 1568 ib.
208 1509 248 1568 45
263 1509 395 1582 Museo
412 1507 447 1582 0,
464 1509 589 1582 aliquem
602 1509 640 1568 N.

151 1594 194 1652 ib.
211 1593 250 1652 68
265 1595 370 1667 inquid
383 1593 421 1666 N,
436 1595 533 1667 inquit
545 1593 626 1652 idern
640 1592 696 1666 ΙΠ,
714 1593 763 1667 29,
780 1595 809 1653 8.

149 1677 192 1736 ib.
209 1678 248 1735 73
263 1678 331 1738 huie
345 1677 566 1736 Luetiohennes
580 1695 631 1753 pg.
650 1678 698 1750 18,
714 1677 792 1738 humo
804 1692 833 1738 v.

151 1760 190 1834 V,
208 1762 261 1834 10,
282 1762 320 1820 18
341 1763 392 1834 qui
410 1761 476 1822 tutet
496 1777 511 1822 e
529 1777 624 1836 poree
643 1760 754 1837 fripida
779 1765 875 1821 encre
895 1761 964 1823 lore.
1006 1760 1055 1822 Sic

84 1843 304 1906 emendandam
324 1843 492 1906 existimavi
516 1845 694 1922 scripturam
714 1844 783 1903 libri
809 1845 914 1921 optimi
935 1861 1054 1920 spureo:

83 1952 114 1990 v.
132 1931 247 2004 aprico,
267 1929 347 2005 quod
366 1929 439 2005 quid
458 1928 516 1989 sibi
534 1929 628 1988 uellet
641 1947 729 1988 nemo
744 1927 895 2004 expedivit
909 1929 1053 2006 interpre·

85 2019 164 2088 ¹turn,
186 2029 365 2090 quemquam
385 2013 535 2089 plerisque
554 2012 627 2072 adeo
647 2012 743 2072 facilis
764 2013 829 2074 vise
843 2013 976 2089 quaestio
992 2014 1053 2087 ille,

85 2099 166 2158 sicco
187 2097 276 2172 pede,
298 2095 378 2172 quod
398 2097 520 2170 dieitur,
541 2099 576 2156 ut
595 2096 767 2158 transimnt.
797 2096 914 2159 Porcus
935 2092 1002 2158 Lar
1021 2099 1055 2158 ut

86 2182 164 2241 alibi
179 2186 272 2250 artus,
289 2187 441 2256 mustus.

152 2266 194 2324 ib.
208 2266 248 2326 20
263 2266 513 2340 equestrem
527 2270 640 2340 compta
653 2266 758 2340 ocrea
771 2266 851 2328 iuba.
882 2265 929 2328 Ite
943 2266 1055 2344 optime

86 2350 271 2423 membrana,
287 2367 342 2408 nee
357 2350 421 2410 soni
436 2351 534 2426 legem
545 2350 590 2411 his
602 2349 708 2411 violari
720 2349 1055 2412 demonstravitBrouk·

86 2433 202 2494 husius.
233 2432 282 2492 Sic
301 2452 391 2509 supra
412 2429 543 2514 [1,138]
565 2439 591 2494 et
612 2433 730 2497 Verteris
744 2438 847 2510 pueris
868 2435 948 2496 cuiue
968 2435 1056 2496 hostis

84 2519 155 2578 eris.
179 2517 216 2576 In
230 2515 257 2576 0
271 2520 318 2577 est
331 2517 451 2578 hirsutis
464 2549 506 2559 —-
520 2519 606 2587 iubis,
622 2521 710 2594 etque
724 2519 767 2578 its
780 2540 809 2579 v.

153 2601 194 2660 ib.
212 2601 560 2662 17'ieeu11uetiohennes
580 2619 631 2677 pg.
648 2603 682 2674 6,
704 2602 769 2690 ςΝ,
792 2601 858 2662 00.
880 2631 922 2644 -
942 2601 983 2661 ib.
1006 2599 1056 2662 Vei

86 2687 206 2760 scripsi,
228 2684 291 2746 Veii
304 2684 342 2759 N,
365 2683 435 2744 Veis
448 2683 484 2744 G.
497 2717 499 2721 ·

153 2769 196 2828 ib.
212 2770 262 2829 39.
285 2769 456 2829 Ermauum
470 2766 604 2840 Guietus,
620 2786 640 2827 a
653 2767 754 2828 Rheno
767 2787 797 2829 v.

154 2852 196 2911 ib.
212 2854 255 2912 40
268 2855 317 2913 eui
331 2852 465 2925 Guietus,
481 2855 499 2911 ἑ
514 2851 552 2925 N,
568 2869 634 2911 oucn
648 2871 677 2911 v.

154 2936 196 2995 ib.
212 2937 264 2996 41.
286 2936 397 3005 Rheno,
413 2935 530 2995 Brenno
544 2935 694 2996 Heinsius

154 3020 196 3079 ib.
212 3022 253 3079 42
269 3022 402 3089 'percotis
417 3023 501 3080 erecti
511 3017 549 3079 N.

154 3103 196 3162 ib.
212 3105 253 3165 43
273 3105 317 3164 tue·
336 3106 466 3180 circatas
479 3102 641 3164 maculanti
654 3103 799 3178 conquires
813 3101 931 3164 Nareae
953 3101 1056 3162 Schra-

86 3189 191 3262 derue,
213 3189 257 3248 ilii
277 3190 402 3264 iwyutis
421 3189 578 3248 iaculantis
599 3187 760 3264 abuqme'ua
780 3187 874 3248 bracis
888 3187 917 3245 N
931 3190 962 3245 et
977 3187 1056 3246 simi·

88 3275 164 3344 liter
178 3271 214 3344 G,
230 3272 263 3331 in
277 3291 336 3346 quo
351 3273 472 3348 quidem
486 3274 533 3331 est
545 3273 676 3346 circatis,
692 3271 730 3330 ub
746 3272 870 3346 somine,
886 3271 1007 3330 brachis.

153 3354 193 3430 ,V,
212 3358 261 3414 11.
285 3353 331 3414 Of.
347 3375 415 3415 enn.
430 3356 503 3431 phil.
519 3374 545 3414 s.
563 3356 644 3414 1866
660 3373 710 3430 pg.
726 3355 788 3414 413
804 3373 867 3430 sqq.
884 3357 945 3414 777
961 3372 1025 3428 sqq.

155 3441 196 3498 ib.
214 3442 242 3497 1.
272 3439 363 3500 Paccii
386 3458 496 3499 nornen
520 3439 630 3514 ubique
654 3456 709 3513 per
734 3437 860 3514 simplex
885 3439 898 3497 l
918 3437 1058 3498 scribitur

86 3525 124 3582 in
137 3523 176 3598 N,
191 3524 244 3600 qui
258 3525 360 3584 tumen
374 3542 432 3584 om.
448 3543 477 3585 v.
495 3525 596 3582 17—7
600 3524 628 3581 6.
