2444 4056
418 249 632 308 PRAEFATIO.
900 262 1000 312 van

47 422 126 482 neris
140 423 213 482 sunt
225 419 274 478 usi
288 437 407 494 genere,
423 417 550 477 exclusis
566 421 618 476 aut
631 435 698 477 raro
713 417 852 479 adhibitis
866 420 999 496 reliquis.

46 505 84 563 En
103 506 209 566 ceteris
231 505 337 579 quinta
356 502 437 578 apud
458 501 611 562 Catullum
629 519 691 561 non
711 506 805 575 extat,
831 507 914 563 senta
932 522 1001 562 cum

45 591 142 648 robore
164 607 197 648 ac
218 588 325 664 spiritu
347 589 448 646 careat
462 587 555 645 semel
569 588 686 644 tantum
701 588 848 662 reperitur
861 589 894 647 in
908 588 1000 647 conti-

46 675 104 732 nuis
117 673 307 743 hexametris,
320 689 449 746 quorum
462 670 581 728 numeri
596 670 692 729 lanius
703 671 801 730 fluunt
814 690 903 746 quam
917 672 1001 731 disti·

47 757 168 831 chorum,
185 755 353 831 etquidem
367 755 400 814 in
414 755 544 813 formula
559 749 646 832 [405]

143 858 245 917 omnia
259 855 350 916 landa
362 855 493 914 amanda
509 855 588 913 malo
602 855 751 930 permixta
764 855 875 913 furore.

101 959 202 1018 stiam
217 954 320 1032 τομὴν
334 953 416 1016 κατὰ
430 951 538 1030 τρίτον
553 953 708 1031 τροχαῖον
723 955 856 1014 admittit
870 957 1001 1030 aliquan-

44 1041 78 1100 do
91 1043 226 1101 Catullus
247 1041 300 1100 sed
319 1037 543 1118 raro[64,121;
569 1041 645 1114 1153
669 1041 746 1114 1413
763 1041 839 1114 2063
857 1040 934 1114 2913
951 1041 1001 1114 66,

46 1127 94 1200 41,
115 1127 165 1198 68,
182 1127 242 1200 393
261 1127 332 1196 116,
348 1119 391 1202 ⁷]-
421 1123 494 1184 Eius
509 1125 679 1198 exemplum
700 1124 956 1200 elegantissimum
971 1128 1003 1183 et

45 1228 76 1266 en
89 1210 246 1269 Homerica
260 1209 429 1268 imitatione
444 1207 566 1266 ductum
580 1207 671 1266 habes
688 1203 723 1286 [c.
738 1209 786 1281 64,
804 1209 864 1267 205
880 1203 937 1287 sq.]

120 1329 178 1386 quo
193 1311 279 1368 motu
292 1309 382 1368 tellus
397 1311 486 1384 atque
500 1309 619 1367 horrida
634 1312 876 1367 contremuertmt

123 1411 252 1469 aequora
266 1393 472 1468 concussitque
492 1388 497 1470 Ι
515 1393 655 1452 micantia
669 1391 766 1451 sidera
780 1387 917 1452 mundus.

122 1511 289 1571 Gaesura
317 1511 502 1582 bucolica,
528 1513 616 1584 post
643 1513 815 1585 quartum
841 1529 933 1586 quae
954 1511 1003 1569 fit

45 1593 252 1671 dactylum,
268 1597 305 1654 iu
319 1613 433 1654 versu
446 1594 581 1654 Latino
595 1594 711 1652 nulla.

104 1695 203 1754 Tertio
230 1694 306 1769 pede
334 1694 499 1752 hexametri
524 1694 704 1768 dactylicum
733 1695 910 1753 vocabulum
939 1696 1001 1754 sive

47 1779 230 1852 spondiacum
252 1777 354 1838 adesse
368 1778 432 1835 fere
447 1777 531 1836 nefas
554 1771 603 1854 [cf.
619 1777 648 1835 d.
663 1796 688 1834 r.
704 1796 744 1834 m.
762 1773 851 1854 217]‚
873 1778 1001 1836 secundo

46 1862 217 2024 ἓωέἷΙὶοιιω
232 1862 354 1920 admisit
368 1860 506 1920 Catullus
521 1861 628 1934 quater
649 1855 711 1937 [64,
730 1861 800 1958 ldl.
817 1862 867 1933 67,
885 1861 934 1920 25.
950 1863 1000 1933 97,

123 2047 172 2108 De
193 2047 380 2122 rhythmis
401 2061 639 2104 numerorum
654 2044 842 2120 legitimis
857 2045 1000 2122 egimus

46 2130 64 2187 l.
77 2129 121 2188 111
133 2147 205 2208 pgg.
221 2131 409 2190 act-229.

104 2231 245 2290 Exeuntis
260 2229 423 2289 hexametri
438 2248 473 2288 ea
486 2247 591 2288 norma
605 2231 660 2302 est,
672 2232 707 2289 ut
720 2231 835 2289 constet
850 2232 902 2288 aut
915 2248 999 2288 voca-

45 2313 159 2374 661661
181 2314 333 2390 dactylum
354 2316 529 2372 excurrente
549 2332 616 2370 cum
637 2313 785 2374 trochaico
807 2317 858 2372 aut
881 2314 913 2372 in
939 2318 1000 2374 tro·

46 2397 159 2458 chacun
177 2398 301 2457 finiente
321 2416 388 2456 cum
403 2397 649 2471 amphibrachic0‚
673 2402 795 2473 excepto
810 2397 889 2472 quod
904 2397 1000 2457 finalis

46 2483 154 2554 syllaba
167 2483 296 2541 hahetur
309 2481 524 2539 indifferenter.
540 2481 625 2539 Licet
638 2484 739 2539 tamen
754 2481 879 2539 distrahi
893 2481 1001 2555 pedem

46 2566 181 2624 ultimum
194 2567 229 2625 in
242 2564 459 2641 monosyllaba,
475 2582 529 2623 nec
543 2566 642 2624 minus
657 2565 809 2640 dactylum
824 2564 1000 2638 praeceden-

45 2651 112 2706 tem.
137 2650 243 2709 Potest
254 2650 347 2708 etiam
360 2648 441 2706 idem
456 2651 591 2707 constare
605 2647 811 2724 monosyllabo
826 2649 917 2706 verbo
933 2666 1000 2705 cum

45 2733 222 2806 ammoniaco
242 2735 305 2793 aive
324 2733 357 2790 in
377 2732 549 2791 trochaeum
564 2733 686 2791 cadente
701 2749 768 2790 cum
782 2732 999 2805 monosyllabo.

46 2813 178 2876 Ceterum
198 2817 350 2877 rarissime
370 2817 472 2876 evenit
493 2816 572 2890 apud
591 2817 685 2875 bonos
704 2818 808 2891 poetas
823 2818 859 2872 ut
873 2814 1002 2872 admissa

44 2897 95 2957 hac
108 2901 226 2960 licentia
239 2901 297 2960 tm'a
312 2903 489 2960 concurrant
502 2901 720 2975 monosyllabo.

103 2999 206 3077 Itaque
220 3001 372 3077 legitimae
389 3001 501 3075 species
515 3000 605 3057 metri
618 2998 728 3057 heroici
744 3002 814 3056 stmt
826 2998 878 3059 ha
