2470 4010
182 167 226 232 16
593 168 747 226 curvam
1027 167 1129 242 [11111.
1186 164 1190 219 r

293 332 374 399 Cum
396 331 509 416 quibus
532 332 588 396 illa
609 333 728 398 malum
750 333 828 396 fecit
848 331 1054 398 adulterium?

249 416 376 480 Dixerit
396 415 449 479 hic
465 416 594 499 aliquis:
618 417 672 499 qui
693 422 728 480 tu
750 416 886 498 isthaec,
909 418 1017 498 ianua,
1038 414 1129 480 nost'?

293 500 354 566 Oui
373 521 547 583 numquam
569 500 690 563 domini
712 501 821 564 limine
844 501 953 564 abesse
974 498 1061 581 licet,

249 585 319 650 Nee
340 586 493 668 populum
515 586 708 667 auscultare,
731 585 787 648 sed
807 584 878 649 heic
901 585 1015 649 suffixa
1033 583 1056 647 t'
1081 582 1123 644 'lo

201 683 235 732 40
292 669 430 733 Tantum
452 667 575 752 operire
596 669 680 732 soles
702 671 759 732 aut
779 670 900 752 aperire
923 669 1051 732 domum

251 752 369 836 ‘Saepe
391 753 479 816 illam
502 752 607 816 audivi
629 753 746 816 furtiva
767 774 844 818 voce
865 754 1048 836 loquentem

294 838 402 903 Solam
423 858 496 901 cum
517 837 642 900 ancillis
664 836 742 900 haec
764 859 821 900 sua
841 837 977 922 flagitia,

250 921 390 988 Nomine
412 920 569 985 dicentem
584 939 663 1004 quos
678 921 828 1005 diximus,
851 925 887 984 ut
906 925 983 1004 pote
1005 942 1080 1005 quae
1098 918 1135 983 mi

199 1057 202 1064 ,
295 1005 443 1088 speraret
463 1027 522 1069 nec
544 1005 689 1090 linguam
711 1027 779 1070 esse
800 1027 859 1070 neo
881 1006 1061 1070 nauculam.

202 1102 235 1153 45
250 1091 418 1154 Praeterea
440 1089 575 1154 addebat
596 1089 769 1174 quendam,
792 1111 885 1174 quem
907 1090 1012 1154 dicere
1032 1089 1100 1154 nolo

294 1173 448 1256 Nomine,
470 1195 511 1237 ne
532 1171 626 1238 tollet
647 1175 743 1238 rubra
764 1174 941 1258 supercilia.
1189 1251 1190 1256 γ

252 1257 384 1342 Longus
405 1257 546 1339 homost,
569 1279 703 1342 magnas
725 1260 800 1342 quoi
822 1259 894 1323 lites
915 1258 1026 1322 intulit
1046 1257 1115 1321 olim

295 1341 426 1407 Falsum
446 1341 591 1406 mendaci
613 1346 723 1406 ventre
744 1343 969 1426 puerperium?

595 1474 747 1482 ——-—-

586 1557 747 1631 LXVlll.

254 1680 347 1757 Quod
368 1679 448 1744 mihi
468 1678 597 1744 fortuna
619 1701 755 1764 casuque
777 1703 946 1766 oppressus
968 1681 1078 1745 acerbo

299 1764 523 1848 Conscriptum
545 1764 607 1829 hoc
629 1766 768 1829 lacrimis
790 1767 891 1830 mittis
914 1765 1105 1849 epistolium,
1211 1819 1212 1860 ,

254 1850 457 1935 Naufragum
468 1853 504 1913 ut
519 1850 653 1914 eiectum
668 1851 888 1933 spumantibus
904 1850 1048 1933 aequoris
1058 1846 1145 1912 undis
1212 1899 1213 1950 ,

298 1935 466 1999 Sublevem
488 1938 520 1998 et
542 1957 560 1998 a
581 1935 693 1998 mortis
715 1934 825 1998 limine
847 1935 1027 2018 restituam,
1213 1979 1214 2028 ,

224 2031 240 2080 5
256 2018 358 2092 Quem
368 2037 471 2099 neque
486 2020 596 2083 sancta
606 2016 715 2082 Venus
733 2019 825 2082 molli
834 2019 1030 2102 requiescere
1041 2035 1147 2082 somno

297 2101 467 2166 Desertum
488 2101 627 2166 inlecto
650 2103 769 2167 caelibe
790 2103 978 2187 perpetitur,

255 2185 325 2250 Nec
346 2187 489 2248 veterum
511 2185 595 2249 dulci
618 2187 809 2270 scriptorum
832 2188 970 2251 carmine
992 2187 1100 2251 Musae

300 2268 484 2351 Oblectant,
509 2291 580 2333 oum
601 2291 693 2336 mens
715 2272 809 2335 anxia
829 2272 919 2356 perui
942 2272 1014 2354 ilat,

256 2353 468 2502 Idffatumst
481 2353 576 2436 mihi,
600 2376 651 2418 me
671 2356 822 2438 quoniam
836 2355 896 2419 tibi
935 2356 989 2419 'cis
1005 2355 1151 2434 amicum,

208 2450 242 2500 10
333 2459 492 2520 uneraque
514 2440 546 2502 et
567 2437 730 2505 Musarum
751 2439 827 2506 hinc
848 2441 931 2523 petis
953 2443 985 2503 et
1005 2439 1151 2504 Veneris:

258 2521 320 2588 Sed
342 2521 401 2586 tibi
423 2543 463 2586 ne
486 2545 556 2586 mea
578 2523 643 2588 sint
664 2525 777 2608 ignota
797 2523 1014 2607 incommoda,
1037 2523 1138 2604 llari,

299 2607 372 2674 Neu
392 2628 444 2671 me
466 2608 570 2673 odisse
591 2610 684 2691 putes
705 2607 841 2692 hospitis
865 2609 1019 2690 officium,

257 2692 393 2776 Accipe,
415 2693 485 2775 quis
507 2714 626 2756 merser
647 2692 793 2757 fortunae
813 2693 961 2757 fluctibus
982 2693 1051 2775 ipse
1057 2741 1066 2774 ,

300 2776 350 2842 Ne
372 2777 507 2861 amplius
529 2799 548 2839 a
568 2777 684 2840 misero
707 2777 791 2841 dona
811 2777 906 2840 beata
929 2779 1028 2861 petas.

210 2874 242 2924 15
257 2862 413 2947 Tempore
436 2882 498 2945 quo
520 2860 658 2944 primum
680 2862 777 2926 vestie
799 2861 878 2925 mihi
899 2861 1017 2924 tradita
1037 2861 1154 2945 purast,

300 2947 478 3011 Iucundum
500 2967 572 3010 cum
594 2947 679 3008 aetas
701 2945 814 3010 florida
835 2967 890 3010 ver
911 2948 1036 3030 ageret,

257 3029 361 3093 Multa
382 3031 459 3094 satis
481 3031 558 3094 lusi:
580 3051 648 3094 non
670 3033 718 3093 est
740 3030 799 3094 dea
820 3029 929 3094 nescia
949 3029 1068 3113 nostri,

301 3113 388 3188 Quae
411 3114 535 3179 dulcem
558 3115 641 3179 curis
662 3114 775 3178 miscet
797 3114 990 3179 amaritiem:

259 3196 322 3261 Sed
343 3199 447 3261 totum
468 3197 530 3262 hcc
552 3199 692 3262 studium
712 3199 800 3263 luctu
816 3199 957 3263 fraterna
971 3197 1051 3262 mihi
1072 3215 1156 3261 mors

209 3294 243 3344 20
299 3281 452 3344 Abstulit.
484 3301 502 3344 ο
524 3280 640 3346 misero
662 3283 760 3347 frater
781 3284 926 3366 adempte
947 3281 1042 3364 mihi,

259 3363 309 3428 'lu
329 3385 401 3426 mea
421 3367 458 3427 tu
479 3364 618 3427 moriens
640 3365 765 3450 fregisti
785 3366 965 3449 commoda,
987 3365 1102 3450 frater,

303 3446 422 3512 Tecum
443 3467 508 3512 una
528 3449 629 3510 totast
648 3453 759 3513 nostra
780 3451 905 3534 sepulta
925 3450 1053 3533 domus,
