2444 4056
242 209 245 216 ¹
360 223 365 232 ’
436 253 649 311 semesum.
975 267 1014 314 ix

36 423 155 483 Veluti
175 421 210 480 in
223 438 247 478 c.
264 421 303 484 63
319 438 387 480 cum
401 437 523 479 mancus
543 424 577 479 ut
590 421 678 495 paulo
693 423 761 482 ante
776 422 939 487 memoravi
954 421 1014 480 fer·

39 511 134 568 retur
150 505 317 579 antiquitus
331 521 435 563 versus
452 505 493 561 74
507 504 567 561 ite:

219 587 311 648 roseis
326 590 361 645 ut
374 587 442 646 huic
458 587 575 646 labellis
590 589 705 646 sonitus
721 589 808 660 abiit,

43 675 118 750 quis
146 670 288 730 eximium
314 688 347 728 ac
373 688 466 747 paene
487 669 613 730 dixerim
633 671 768 731 divinum
790 673 934 746 Bentleii,
961 673 1013 748 qui

46 755 131 816 iilud
146 757 216 814 dtus
230 752 429 830 supplendum
443 753 625 813 existimavit
639 757 708 831 post
721 749 844 824 scidas,
859 762 1014 830 sperneret

46 841 210 900 inventum
231 835 301 914 (etsi
327 855 465 913 sprevere
485 834 650 915 nonnulli),
671 838 731 897 nisi
751 838 957 898 Lachmannus
977 857 1014 898 ex

47 924 118 998 ipso
136 919 246 980 Catulli
265 919 426 996 archetypo
446 921 623 981 vocabulum
643 941 661 979 a
681 924 770 995 poeta
789 922 955 980 adhibitum
969 941 1014 982 re-

49 1003 244 1081 cuperasset?
266 1004 451 1079 Quamquam
471 1004 597 1079 perfecit
616 1005 853 1064 emendationem
873 1005 1013 1081 Heysius.

50 1090 159 1164 Neque
174 1089 273 1148 minus
287 1087 474 1160 laetebimur,
496 1105 563 1146 cum
580 1087 712 1164 Scaliger
726 1088 851 1149 vidisset
864 1089 1015 1166 iungenda

52 1191 117 1232 esse
128 1172 241 1230 interse
252 1171 383 1230 earmina
394 1171 434 1230 87
447 1174 478 1229 et
490 1171 539 1244 75,
553 1171 614 1232 iam
628 1172 760 1232 eiusdem
770 1171 891 1234 Laenas
902 1173 1014 1232 virtute

53 1256 202 1331 originem
217 1254 334 1326 erroris,
346 1265 408 1328 quo
424 1253 543 1314 diducta
556 1257 627 1315 sunt
640 1255 702 1332 illa,
718 1274 782 1316 esse
796 1257 985 1332 patefactam.

141 1337 281 1397 Ceterum
295 1356 332 1397 ex
345 1337 504 1413 archetypo
519 1339 551 1396 in
564 1338 766 1414 anthologiam
782 1339 931 1414 quendam
945 1338 1013 1398 Gal-

54 1424 143 1482 licam
162 1419 249 1480 fluxit
269 1439 293 1479 c.
315 1421 370 1492 62,
391 1420 469 1480 unde
490 1421 566 1482 circe
586 1441 611 1480 e.
636 1423 698 1481 900
725 1422 906 1498 descriptum
935 1421 1015 1481 idern

57 1507 87 1564 in
101 1505 165 1568 cod.
180 1503 315 1563 Parisino
331 1506 422 1564 8071.
445 1503 559 1564 Eodem
573 1504 668 1564 forme
681 1508 816 1582 tempore
830 1504 965 1564 Veronae
980 1507 1016 1564 ut

58 1592 163 1664 putant
182 1589 215 1648 in
232 1587 329 1662 patria
348 1588 421 1646 urbe
442 1583 554 1646 Catulli
572 1587 631 1646 fuit
649 1589 726 1647 liber
745 1589 883 1648 similiter
905 1607 941 1647 ex
960 1589 1014 1646 illo

59 1673 216 1748 archetypo
230 1671 346 1743 ductus,
361 1689 450 1747 quem
464 1691 490 1730 a.
504 1672 565 1731 965
580 1671 738 1731 Rethemus
758 1672 914 1747 episcopus
928 1672 1013 1746 legit.

59 1756 127 1814 Mox
140 1755 221 1814 idem
235 1753 366 1814 tenebris
380 1773 483 1814 rursus
498 1757 530 1815 et
544 1755 694 1815 oblivione
708 1755 836 1827 abditus,
853 1755 946 1813 donec
960 1753 1015 1810 Pe-

60 1841 172 1897 trarcae
191 1839 340 1911 tempore,
360 1837 391 1894 h.
406 1856 432 1894 e.
453 1840 521 1896 ante
542 1855 653 1894 annum
667 1838 728 1894 fere
746 1838 828 1894 1330
842 1854 879 1892 ex
892 1835 1015 1893 latebris

62 1921 155 1980 denuo
176 1921 304 1979 emersit.
333 1921 377 1980 De
397 1939 456 1995 qua
474 1938 506 1978 re
527 1918 717 1978 notissimum
736 1920 865 1978 testatur
885 1917 1016 1978 Beneve-

63 2005 125 2062 nnti
139 2003 326 2080 Oemposanii
340 2005 538 2080 epigramma:

133 2087 179 2145 'ad
192 2089 321 2163 patriam
334 2088 421 2147 venio
437 2088 534 2163 longis
550 2106 567 2146 a
580 2087 688 2146 finibus
703 2087 781 2147 exul.

182 2189 271 2230 causa
284 2169 344 2229 mei
357 2170 470 2231 reditus
485 2172 679 2245 compatriota
692 2171 765 2244 fuit,

141 2253 255 2314 scilicet
269 2271 286 2312 a
301 2255 429 2327 calamis,
444 2253 552 2313 tribuit
566 2256 613 2312 cui
627 2255 752 2313 Francia
765 2272 890 2328 nomon,

183 2339 293 2413 quique
307 2340 393 2410 notat
405 2338 510 2397 turbae
524 2339 740 2412 praetereuntis
754 2339 822 2396 iter.

142 2439 199 2496 quo
214 2421 286 2479 iicet
298 2421 419 2497 ingenio
433 2424 567 2482 restrum
583 2421 729 2481 celebrate
745 2419 910 2493 Catullum,

186 2504 270 2563 cuius
285 2504 453 2565 submodio
469 2505 567 2564 clausa
580 2523 711 2581 papyrus
726 2506 799 2563 erat,

68 2585 109 2644 Ex
127 2605 169 2660 eo,
191 2606 279 2663 quem
300 2590 332 2647 et
350 2587 448 2663 ipsum
462 2588 695 2664 Langobardiois
709 2588 804 2648 literis
819 2587 1017 2662 perscriptum

68 2669 151 2730 fuisse
164 2690 226 2731 non
240 2670 380 2731 abhorret
399 2691 416 2730 a
435 2690 516 2744 vero,
532 2671 569 2732 ab
585 2690 661 2730 anno
677 2670 747 2730 inde
769 2672 849 2730 1375
873 2669 964 2748 (certe
981 2670 1017 2729 de

68 2755 220 2814 vetustiore
245 2755 407 2829 exemplari
427 2774 487 2814 non
507 2755 567 2812 iam
586 2757 711 2828 constat,
736 2754 794 2814 etsi
816 2755 875 2812 fuit
899 2756 960 2812 tale
985 2755 1037 2814 in.

69 2833 237 2898 bibliotheca
256 2835 425 2914 Petrarcae)
447 2837 571 2898 subinde
600 2840 767 2914 complures
787 2837 928 2910 descripti
948 2839 1018 2894 sunt

69 2918 181 2994 codices,
202 2923 284 2980 inber
305 2941 378 2997 quos
400 2923 563 2998 principem
584 2922 684 2984 locum
703 2921 820 2980 obtinet
838 2923 870 2977 et
883 2922 1017 2994 tempore

68 3003 94 3058 et
111 3005 204 3076 pretio
226 3006 489 3081 Sangermanensis
515 3007 681 3081 metipso
702 3005 756 3064 illo
777 3021 854 3062 anno
881 3006 1017 3062 exaratus

68 3080 207 3162 Veronae,
240 3091 368 3148 alterum
398 3089 630 3162 Laurentianus,
665 3089 788 3146 tertium
818 3086 1017 3158 Oolbertinus,

67 3173 197 3240 quartum
211 3173 354 3233 Datanus.
389 3171 430 3230 Hi
445 3191 547 3232 omnes
567 3174 639 3231 sunt
652 3173 768 3230 saeculo
783 3170 839 3248 XV
854 3172 966 3244 scripti,
989 3173 1019 3227 et

67 3256 260 3314 recentissime
280 3255 400 3330 quidem
414 3257 557 3326 Datanus,
578 3255 608 3312 h.
624 3275 649 3314 e.
672 3274 698 3314 a.
717 3255 806 3314 1463.
836 3255 952 3313 Horum
966 3271 1018 3327 po·

67 3335 207 3395 tissimum
232 3339 377 3398 librorum
398 3339 471 3410 fide,
499 3338 606 3413 quibus
629 3339 768 3413 quintum
794 3336 907 3395 addidit
927 3336 1018 3393 Ham·

67 3414 236 3496 burgensem
253 3421 436 3494 Schwabius,
460 3422 574 3480 sincera
594 3422 626 3480 in
641 3420 752 3480 Catulli
774 3420 954 3478 carminibus
974 3418 1018 3474 ni-

67 3499 133 3560 titur
146 3506 245 3564 lectio.
277 3505 415 3565 Ceterum
431 3505 607 3580 archetypus
622 3504 801 3566 Veronensis
822 3501 937 3576 quando
953 3515 1020 3570 per·

110 3614 243 3664 censorve,
800 3599 818 3646 b
