2464 4020
453 277 667 334 PRAEFA'I'IO.
984 293 1037 340 vn

54 448 256 525 apertissime
271 463 338 505 oum
354 445 510 506 attulerint
523 445 649 519 Keilius,
670 445 1034 528 Heimreiohiuspbuotio

55 534 190 605 hermes,
206 549 356 606 opponere
369 531 434 605 ipse
449 531 638 606 supersedeo.

128 617 198 674 Iem
212 615 369 674 dicendum
385 614 422 673 de
437 614 536 673 codice
550 615 624 674 olim
634 613 841 690 Neapolitano,
852 635 932 676 nunc
944 615 1034 676 Guel-

56 701 233 773 ferbiten03
249 699 301 774 qni
316 717 495 774 quemquem
508 699 599 774 longe
619 701 741 774 superet
758 699 891 758 bonitate
908 699 1035 760 Gronin-

58 802 196 860 μω,
218 785 398 855 esttamen,
419 783 472 841 nbi
490 785 523 844 st
541 783 606 857 ipse
627 786 766 842 teneatur
784 783 907 844 frondis.
942 783 1035 844 Cuius

56 869 206 942 exemplo
225 867 354 926 menime
368 868 525 928 observavi
537 866 618 926 boec.

129 952 260 1027 Legitur
279 952 313 1010 in
334 951 431 1024 11,3‚
449 952 488 1008 22
508 953 643 1012 monim
662 969 736 1025 quae
756 954 852 1025 oceo
870 957 1037 1026 nooputct

57 1053 164 1110 aequa
176 1037 257 1105 suts,·
277 1053 386 1110 exque
402 1035 481 1110 quod
495 1036 623 1095 confecit
638 1035 772 1113 Scaliger
784 1039 974 1110 seminaque
988 1055 1037 1098 ae-

59 1121 189 1192 quaevis
207 1119 380 1195 potissimus
402 1119 526 1196 quisque
546 1120 717 1180 criticorum
736 1121 844 1180 merito
858 1122 1036 1182 reiecerunt

60 1204 114 1262 Ibi
128 1202 262 1263 habeti}
281 1221 336 1278 pro
357 1206 452 1276 cubis
470 1204 548 1263 illud
561 1206 665 1279 tyrsos,
681 1205 763 1280 quod
775 1206 954 1266 vocobulum
969 1225 1037 1264 oum

61 1288 107 1346 sit
121 1287 221 1360 nihili,
241 1288 326 1348 nulls
343 1287 575 1364 interpolatione
589 1290 689 1364 potuit
703 1308 767 1349 esse
782 1293 892 1348 ortum.
921 1290 963 1348 Et
975 1291 1036 1365 pri-

61 1371 138 1430 dem
152 1372 327 1430 restitutum
347 1375 394 1432 est
412 1373 493 1447 quod
512 1374 630 1448 scripsit
644 1373 819 1449 Propertius
832 1375 970 1434 Elem
983 1393 1036 1433 no-

63 1451 149 1514 menss
180 1455 326 1514 Similiter
344 1456 501 1531 proprium
521 1457 698 1536 vocabulum
719 1458 817 1516 fiendi
834 1457 895 1516 fuit
914 1458 1036 1516 librario

64 1540 135 1599 cod.
149 1539 181 1596 N
193 1538 231 1611 V,
250 1541 299 1611 10,
317 1541 344 1612 1,
360 1540 412 1598 nbi
426 1558 482 1614 pro
495 1541 610 1600 Feretri
624 1539 745 1598 exhibet
757 1539 855 1610 fateri,
870 1541 1037 1615 etquidem

64 1625 162 1682 solus.
189 1622 326 1681 Tertium
339 1623 489 1682 liberioris
504 1623 679 1684 mutationis
691 1624 859 1698 exemplum
873 1623 964 1684 hebes
979 1625 1035 1698 ΠΙ,

64 1708 121 1779 32,
138 1707 179 1766 33
195 1725 239 1782 sq.
254 1706 307 1765 ubi
321 1711 393 1766 sunt
406 1708 438 1765 in
451 1707 478 1766 G
492 1707 578 1768 heco:

154 1791 220 1865 ipss
233 1789 336 1850 Venus
351 1791 486 1867 quemvis
500 1794 640 1866 corrupte
653 1791 778 1851 libidine
799 1792 904 1851 Martis

154 1893 210 1934 neo
223 1876 322 1933 minus
335 1875 369 1933 in
382 1875 464 1934 oselo
478 1893 596 1950 semper
609 1876 738 1936 honesto¹
747 1875 816 1933 fuit

64 1957 152 2017 Illud
171 1975 223 2019 nec
248 1976 316 2018 cum
335 1977 397 2020 non
415 1959 607 2036 intellegeret
626 1959 724 2019 scribe
748 1959 953 2034 accipiendum
973 1977 1037 2018 esse

65 2062 124 2118 per
142 2042 262 2103 scheme
280 2043 361 2118 quod
382 2043 492 2103 dicitur
512 2039 579 2104 ἀπὸ
599 2043 712 2105 κοινοῦ
736 2042 856 2119 scripsit
879 2043 912 2102 in
936 2043 1037 2118 priore

66 2145 160 2186 versu
191 2145 290 2186 croese
317 2127 453 2188 Minerva
481 2146 537 2202 pro
567 2131 701 2201 occowis
725 2127 828 2198 fertur.
878 2127 1038 2186 Praeterea

68 2209 258 2270 considerato
271 2210 345 2268 mihi
358 2211 424 2270 hoc.
452 2211 490 2269 In
503 2211 559 2285 ΠΙ,
575 2213 625 2285 30,
644 2214 682 2271 19
703 2229 771 2270 oum
789 2212 967 2289 archetypus
981 2232 1037 2287 pro

67 2313 104 2354 eo
126 2295 208 2370 quod
226 2297 275 2354 ost
292 2312 366 2354 mm
384 2295 523 2355 ridentur
541 2296 710 2356 exhibuisse
729 2314 792 2357 non
809 2297 860 2357 vol
873 2315 955 2357 ncnc
969 2294 1037 2373 (hoe

68 2381 194 2438 voculae
208 2378 373 2440 innumeris
392 2380 466 2440 locis
480 2379 571 2458 Prop.
586 2383 666 2440 inter
680 2400 711 2440 se
726 2380 889 2457 confusos),
910 2399 1037 2455 cumque

68 2462 147 2521 illud
166 2465 229 2523 tom
247 2463 328 2538 quod
346 2463 481 2539 sequitur
500 2464 599 2524 minus
619 2466 706 2526 focile
721 2469 800 2526 esset
814 2467 852 2523 ed
866 2465 1036 2541 legendum,

68 2547 95 2606 is
115 2547 169 2622 qui
190 2546 217 2607 G
237 2547 356 2622 scripsit
374 2548 506 2608 servavit
523 2551 626 2609 temen
644 2550 677 2609 id
690 2550 772 2625 quod
784 2569 890 2608 verum
903 2552 950 2608 est
963 2565 1039 2608 mm

68 2633 134 2690 iam
147 2631 219 2690 dicre
227 2648 331 2705 paras,
343 2631 402 2691 nisi
416 2633 496 2706 quod
508 2633 600 2691 hebet
613 2651 694 2694 moto
708 2636 739 2691 et
752 2635 838 2700 dora,
854 2634 931 2690 sicut
944 2635 991 2691 est
1004 2633 1039 2691 in

68 2715 118 2774 ed.
133 2715 209 2792 Reg.
227 2733 303 2774 mm
320 2718 383 2775 iam
402 2717 475 2775 dure
494 2734 598 2790 poros.
628 2717 671 2775 At
690 2716 784 2791 Neep.
799 2715 948 2788 librarius,
970 2734 1039 2774 cum

68 2799 102 2857 id
121 2799 204 2874 quod
223 2802 271 2859 est
288 2801 351 2860 iam
369 2800 428 2877 ipsi
446 2800 600 2861 videretur
612 2801 714 2874 potius
735 2818 799 2859 esse
813 2794 888 2868 taff,
908 2799 1039 2874 pessime

69 2882 243 2942 recordatus
264 2902 293 2942 v.
310 2884 349 2942 27
371 2902 395 2942 c.
414 2885 451 2942 19
474 2885 494 2942 l.
510 2884 573 2942 Ill]
587 2884 701 2942 invexit
714 2883 791 2942 illud
804 2901 866 2943 non
879 2887 977 2942 omn
990 2885 1039 2940 in-

68 2967 181 3027 meto.
210 2966 372 3028 Praetereo
391 2970 515 3043 apparet
529 2967 562 3025 in
576 2966 613 3040 V,
631 2970 659 3040 7,
676 2969 716 3027 85
732 2968 830 3026 minus
844 2966 971 3024 licenter
983 2967 1038 3024 im-

68 3052 221 3110 mntetnm
240 3050 322 3126 quod
343 3052 434 3111 hebet
449 3050 476 3110 G
491 3051 657 3126 Tybcrtina
670 3055 743 3110 iacet
756 3052 812 3120 bac
824 3067 916 3110 aurea
931 3047 1038 3127 (simil-

69 3135 144 3193 lime
158 3134 259 3194 Puccii
278 3136 357 3195 liber
374 3139 406 3195 et
426 3136 472 3194 ed.
493 3132 598 3212 Reg.),
621 3153 710 3211 quem
730 3134 811 3210 quod
831 3137 878 3194 est
897 3135 930 3194 in
949 3135 978 3193 N
997 3140 1039 3194 set

71 3219 208 3278 Tiburna
221 3221 296 3280 iacet
309 3220 357 3280 hic
370 3237 470 3280 alcea.

134 3303 192 3362 Est
204 3303 296 3363 etioin
311 3304 363 3362 ubi
377 3307 503 3380 uterque
519 3304 611 3364 codex
625 3303 743 3364 diverso
754 3303 876 3379 quidem
886 3305 974 3364 modo
989 3320 1036 3362 ex·

68 3389 175 3465 pertus
195 3388 236 3446 sit
257 3388 498 3464 interpolatores.
533 3386 625 3449 Cuius
648 3389 692 3449 rei
717 3389 888 3464 exemplum
912 3389 1040 3445 hebetur

69 3471 126 3544 III,
150 3471 200 3545 15,
221 3471 273 3531 49.
302 3471 350 3531 Ibi
371 3490 439 3534 cum
459 3473 624 3548 antiquitus
644 3477 724 3534 esset
743 3473 888 3532 treditum
908 3475 942 3530 tu
955 3470 1039 3528 modo

69 3555 142 3616 cium
156 3556 220 3615 licet
233 3555 364 3627 medum
382 3574 420 3618 ce
433 3557 529 3620 licem
543 3559 618 3618 ottae
634 3555 690 3636 (ito
704 3554 803 3632 Reg.)‚
819 3557 845 3614 is
860 3553 911 3628 qui
925 3552 954 3612 N
969 3551 1040 3610 scri-
