2444 4056
425 259 638 316 PRAEFATIO.
938 270 1009 318 LXV

57 425 139 501 Apud
152 425 281 486 Graecos
301 429 403 486 tamen
423 445 479 501 pro
498 427 625 485 mollitia
652 427 769 487 dialecti
788 426 906 488 lonicae
926 445 1010 503 prae-

58 510 130 568 valet
148 510 296 586 dactylus,
317 513 348 568 at
368 510 447 586 apud
460 511 609 570 Romanos
634 529 689 586 pro
708 512 798 570 insita
812 511 896 588 genti
909 510 1010 570 indole

59 593 207 668 spondeus.
247 593 334 652 Adde
356 593 436 669 quod
462 592 597 654 Catullus
622 613 689 653 cum
714 595 853 655 Lucretio
877 595 1010 655 noudum

58 676 167 736 firmata
185 680 250 736 arte
269 677 439 736 durioribus
463 679 560 736 utitur
579 679 721 738 numeris.
764 679 800 738 In
820 679 925 754 quinto
944 680 1010 738 loeo

59 760 202 836 legitimus
216 764 264 820 est
277 761 421 836 dactylus,
442 780 622 837 quamquem
637 760 772 821 Catullus
787 781 854 822 eum
869 764 930 822 suis
944 761 1010 820 imi-

59 845 161 903 tatione
166 845 438 906 Alexandrinorum
451 847 644 921 saepiuscule,
657 849 741 904 extra
754 847 953 922 hymenaeum
966 849 1010 904 ta-

59 945 133 1000 men,
157 929 230 988 fecit
254 930 351 988 locum
378 929 507 1004 spondeo
536 925 585 1007 [ef.
603 933 635 988 et
657 929 717 989 Cic.
738 930 776 988 ad
795 929 861 988 Att.
876 927 951 1000 VH,
968 925 1011 1007 2].

60 1010 129 1080 Quid
142 1013 222 1088 quod
240 1013 292 1072 ille
312 1013 345 1071 in
364 1014 476 1088 epyllia
491 1015 585 1072 semel
598 1017 660 1072 tres
675 1015 861 1074 continuavit
875 1013 1011 1088 spondia-

59 1099 152 1155 zontas
174 1092 242 1174 [64,
264 1092 428 1174 78-80],
449 1116 516 1155 oum
542 1097 614 1156 alibi
639 1116 679 1157 ne
702 1098 777 1158 duos
795 1097 916 1173 quidem
937 1097 1012 1154 tales

58 1178 165 1238 iunctos
179 1181 212 1238 in
225 1183 322 1238 metro
337 1180 445 1240 Latino
460 1181 657 1240 meminerim.
681 1180 811 1241 Omnino
821 1181 912 1240 vicies
926 1180 1011 1256 quiu-

59 1263 136 1335 quies
149 1263 271 1322 admisit
284 1264 349 1324 loco
363 1264 547 1339 paenultimc
563 1265 738 1340 spondeum,
753 1265 919 1341 etquidem
932 1262 1012 1323 haud

60 1364 119 1406 raro
133 1349 268 1423 neglecta
282 1349 359 1424 lege,
374 1351 409 1407 nt
422 1349 613 1424 praecederet
626 1348 774 1426 dactylus,
790 1352 825 1408 ut
839 1353 913 1425 puta

229 1448 374 1506 Phasidos
389 1449 429 1508 ed
441 1449 547 1520 ductae
561 1454 587 1509 et
598 1451 674 1521 fiaes
688 1452 809 1510 Aeeteos.

61 1546 266 1711 [Sleffielfitiem
294 1550 406 1607 habent
431 1569 552 1609 versum
580 1553 708 1610 exclusis
737 1550 858 1609 omnino
887 1549 1014 1624 dactylis

211 1734 263 1810 qui
277 1738 308 1793 te
323 1736 449 1794 lenirem
462 1735 548 1794 nobis
561 1754 621 1794 neu
635 1752 785 1794 conarere.

61 1831 101 1891 Of.
116 1835 142 1892 d.
157 1855 182 1893 r.
198 1854 238 1893 m.
253 1853 304 1911 pg.
322 1837 381 1893 141
399 1855 442 1911 sq.

116 1933 229 1994 Vltima
248 1937 348 1994 autem
369 1935 487 2012 syllaba
507 1954 563 2011 pro
583 1937 692 1994 natura
710 1934 801 1992 metri
820 1932 947 1992 habetur
969 1933 1014 1990 in·

61 2015 224 2078 differenter
244 2019 373 2096 exceptis
393 2020 529 2079 verubus
549 2020 592 2079 eis
612 2019 664 2094 qni
683 2020 825 2078 tenentur
844 2018 912 2093 lege
927 2035 1015 2092 syna-

61 2100 148 2173 phiae.
175 2103 344 2162 Fatendum
358 2101 461 2162 tamen
480 2103 576 2180 magis
591 2121 704 2162 amasse
719 2101 848 2162 Graecos
863 2104 894 2161 et
906 2101 1015 2160 Roma-

60 2201 109 2242 nos
131 2187 290 2246 terminare
314 2187 504 2247 hexametros
529 2187 618 2246 simul
643 2190 674 2246 et
697 2188 900 2263 pentametros
924 2186 1015 2261 longa

61 2269 175 2344 syllaba,
191 2271 234 2329 ita
247 2273 283 2328 ut
295 2273 383 2346 vigor
397 2271 604 2331 conciliaretur
618 2273 759 2343 numeris,
775 2273 828 2328 aut
838 2272 917 2328 certe
928 2269 1014 2328 brevi

61 2367 92 2407 ea
113 2372 185 2428 quae
208 2355 242 2412 in
267 2372 427 2414 consonam
452 2357 629 2415 excurreret.
669 2353 809 2414 Ceterum
835 2353 1015 2429 pentametri

61 2436 164 2508 optima
178 2437 291 2514 speeies
305 2438 432 2498 habetur
446 2439 534 2497 haee:

322 2568 679 2588 υυυυυυυυυυυυ
691 2555 714 2587 E

202 2641 254 2700 vix
267 2640 404 2699 Priamus
419 2641 496 2700 tanti
510 2645 633 2716 totaque
649 2640 738 2699 Troia
752 2639 818 2697 fuit

137 2756 189 2816 De
215 2759 381 2817 caesuris
407 2759 444 2816 in
465 2760 583 2817 metro
604 2757 724 2816 latino
744 2755 906 2814 diximus
925 2754 946 2810 l.
967 2753 1015 2810 III

59 2842 325 2914 egeres-205.
1040 2859 1045 2866 ·

114 2955 222 3056 Iucisio
241 2959 273 3016 in
293 2959 466 3057 lrexametrc
486 2961 576 3036 longe
596 2958 835 3034 frequentissima
849 2955 1014 3031 penthemi-

58 3055 147 3102 meres
161 3061 225 3103 srve
240 3060 451 3119 sem1qumar1a

254 3191 456 3212 „„„„„„„
468 3156 473 3222 ι
491 3190 509 3209 e
522 3188 540 3207 e
551 3196 572 3208 ..
584 3187 602 3205 e
613 3188 632 3206 e
643 3195 661 3206 .
674 3188 692 3207 υ
704 3186 722 3206 e
732 3198 754 3207 -
765 3188 783 3204 „

93 3256 207 3336 Vesper
221 3261 306 3320 adest
319 3262 461 3336 iuvenes3
482 3256 487 3339 l
507 3261 686 3337 consurgite·
715 3259 830 3335 Vesper
845 3258 984 3335 Olympo.
1072 3229 1076 3238 ι

56 3354 135 3418 Hanc
154 3379 214 3436 quo
234 3362 301 3437 quis
320 3364 416 3439 magis
437 3363 586 3438 elegantia
608 3362 739 3421 earmina
753 3360 910 3435 conposuit
924 3363 955 3416 et
968 3361 1012 3416 te·

57 3443 144 3517 nella,
164 3463 200 3504 eo
220 3447 338 3520 saepius
359 3447 528 3508 adhibuere.
556 3447 762 3505 Praeterea
784 3442 909 3502 eadem
930 3444 1012 3499 tan·

58 3526 127 3585 tum
153 3548 229 3588 non
257 3548 403 3606 semper
431 3530 647 3604 invenitur,
676 3530 739 3586 ubi
767 3527 922 3601 quintus
947 3539 1013 3595 pes
