2468 4036
191 255 234 321 38
601 257 746 316 TIBVLLI

298 423 440 509 Insignis
462 422 549 488 clara
570 423 822 506 conspicuusque
844 421 953 508 domo,

223 507 322 572 5Aut
342 512 379 574 ut
399 508 501 572 multa
521 507 585 572 mei
605 511 797 574 renovarent
818 508 929 594 iugera
949 507 1033 574 tauri

296 592 342 658 Et
362 614 495 678 magnas
517 613 636 656 messes
657 593 743 656 terra
763 591 904 678 benigna
926 593 1030 675 daret,

255 674 318 743 Sed
339 680 446 744 tecum
466 680 503 741 ut
523 677 639 761 longae
662 677 816 741 sociarem
836 677 955 762 gaudia
975 677 1058 741 vitae

297 761 398 846 Inque
420 765 476 826 tuo
499 761 627 827 caderet
647 763 759 826 nostra
780 764 909 826 soneeta
930 761 1016 843 sinu,

255 846 336 912 Tum
360 867 431 911 oum
452 866 620 929 permenso
643 843 812 910 defunctus
834 849 978 930 tempore
1000 845 1078 910 lueis

208 945 240 993 10
296 929 410 998 Nudus
432 927 570 994 Lethaea
592 950 629 994 oo
654 951 723 994 erer
743 930 790 994 ire
812 931 903 994 rate?

254 1015 339 1080 Nam
360 1037 458 1099 grave
480 1014 556 1098 quid
564 951 702 1161 prodest
715 1013 841 1098 pondus
855 1013 935 1079 mihi
950 1014 1057 1079 divitis
1072 1015 1155 1098 auri,

297 1101 446 1183 Arvaque
469 1099 497 1162 si
517 1099 563 1162 fin
586 1101 642 1162 ant
662 1098 797 1183 pinguia
818 1098 906 1163 mille
928 1097 1050 1164 boves?

255 1183 377 1259 Quidve
399 1183 513 1247 domus
535 1183 666 1266 prodest
685 1181 752 1246 Phr
773 1183 835 1267 giis
857 1181 968 1248 innixa
989 1183 1153 1266 columnis,

273 1330 275 1335 .
297 1266 437 1330 Taenare
459 1267 525 1330 sive
546 1267 609 1330 tuis
616 1317 624 1348 ‚
649 1267 716 1331 sive
769 1269 873 1351 anyste
895 1267 973 1350 tuis,

208 1365 238 1414 15
253 1351 298 1417 m
318 1372 451 1415 nemora
472 1350 506 1413 in
528 1350 676 1415 domibus
698 1371 804 1416 saeros
825 1351 985 1416 imitantia
1005 1351 1095 1415 lucos

298 1437 500 1519 Aurataeque
522 1435 629 1499 trabes
651 1457 925 1520 marmoreumque
946 1435 1072 1501 solum?
1224 1457 1225 1492 r

257 1519 379 1597 Quidve
402 1520 437 1583 in
457 1519 635 1669 Erptpgaeo
657 1520 776 1616 legitur
797 1541 878 1604 quae
898 1520 992 1584 litore
1015 1519 1138 1584 coneha
1224 1507 1225 1546 ¹

299 1605 476 1689 Tinctaque
521 1628 532 1669 1
575 1605 629 1668 nio
652 1626 771 1668 murroe
792 1603 867 1668 lana
887 1605 990 1687 iuvat,

256 1689 302 1756 Et
322 1711 401 1776 quae
423 1691 586 1774 praeterea
606 1689 744 1774 populus
765 1689 919 1754 miratur?
941 1689 978 1752 in
998 1687 1063 1752 illis

206 1789 240 1838 20
296 1774 467 1840 Invidiast:
490 1774 572 1839 falso
593 1773 731 1857 plurima
752 1773 865 1860 volgus
888 1775 983 1838 amat.

255 1859 332 1926 Non
353 1860 467 1944 opibus
488 1860 611 1923 mentes
632 1858 799 1922 hominum
820 1879 974 1942 auraeque
996 1858 1159 1923 levanturz

297 1945 382 2010 Nam
403 1943 545 2009 Fortuna
567 1965 624 2008 sua
644 1945 789 2026 tempora
809 1942 840 2006 le
865 1964 881 2007 e
902 1963 936 2006 re
964 1943 994 2007 't.

255 2029 305 2094 Sit
325 2028 405 2092 mihi
426 2031 595 2112 paupertas
617 2029 723 2092 tecum
745 1964 895 2106 ineunda,
953 2049 1057 2092 saera:

299 2114 345 2176 At
367 2112 435 2177 sine
456 2116 489 2178 te
510 2134 623 2198 regum
644 2133 776 2178 munera
796 2112 886 2176 nulla
906 2111 990 2176 volo.

206 2196 282 2262 250
304 2197 446 2280 niveam,
469 2219 548 2280 quae
570 2200 603 2261 te
624 2197 744 2280 poterit
764 2196 844 2260 mihi
865 2195 1013 2278 reddere,
1035 2196 1160 2262 lucem!

299 2279 326 2344 Ο
349 2279 429 2342 mihi
450 2281 576 2344 felioem
597 2284 708 2365 terque
730 2285 903 2365 quaterque
924 2280 1024 2345 diem!

255 2364 301 2429 At
323 2364 365 2447 si,
388 2384 446 2446 pro
469 2364 554 2428 dulei
574 2365 677 2430 reditu
700 2387 914 2450 quaecumque
935 2366 1105 2449 voventur,
1223 2435 1224 2444 χ

298 2447 419 2513 Audiat
439 2468 549 2512 aversa
569 2470 636 2511 non
657 2472 746 2515 meus
768 2472 842 2514 aure
865 2450 941 2514 deus
946 2497 955 2533 ,

256 2534 325 2599 Nec
347 2555 398 2597 me
419 2554 520 2618 regna
541 2532 653 2597 iuvant
672 2555 733 2600 nee
754 2534 872 2618 Lydius
894 2535 1012 2598 aurifer
1034 2533 1140 2599 amnis

207 2631 242 2681 30
297 2617 366 2684 Nee
389 2640 466 2702 quas
488 2620 642 2682 terrarum
665 2619 801 2684 sustinet
822 2619 909 2684 orbis
931 2641 1018 2705 opes.

256 2702 346 2768 Haeo
368 2703 422 2767 alii
444 2703 587 2788 cupiant,
610 2703 704 2768 lioeat
724 2704 803 2767 mihi
824 2726 963 2788 paupere
985 2704 1073 2768 cultu

300 2787 417 2854 Securo
440 2810 513 2852 oara
535 2789 669 2872 coniuge
690 2809 784 2872 posse
806 2789 879 2853 frui.

256 2874 353 2940 Adsis
376 2876 408 2937 et
429 2872 549 2936 timidis
569 2873 691 2956 faveas,
716 2872 876 2956 Saturnia,
898 2875 997 2957 notia,

299 2959 343 3023 Et
363 2958 469 3022 faveas
492 2957 627 3042 coneha,
651 2957 782 3042 Cypria,
805 2959 897 3022 vecta
917 2960 982 3022 tua.

208 3055 240 3104 85
256 3043 321 3107 Aut
343 3043 369 3106 si
390 3041 462 3107 fat-a
478 3045 599 3128 negant
619 3041 755 3106 reditum
776 3043 946 3126 tristesque
969 3064 1110 3127 sermea,

300 3126 444 3190 Stamina
466 3149 545 3211 quae
568 3128 687 3191 ducunt
699 3148 850 3211 ‚quaeque
870 3127 980 3191 futura
999 3133 1115 3211 neunt,

258 3208 311 3272 Me
332 3213 425 3274 voeet
445 3213 479 3274 in
502 3215 608 3276 vastos
632 3231 741 3275 amnes
762 3211 951 3296 nigramque
972 3213 1124 3296 paludem

299 3291 384 3357 Ditis
407 3294 447 3358 ab
468 3295 584 3379 ignava
604 3296 725 3360 luridus
749 3296 849 3362 Orous
872 3318 963 3381 aqua.
1222 3291 1223 3300 ¹

598 3464 749 3479 ——w-n
