2486 4010
71 225 158 296 xm]
463 227 572 284 nmen
593 229 655 284 1111.
1000 227 1041 291 83

112 387 154 451 ln
178 409 230 454 me
250 393 432 455 mansuetas
454 389 639 456 nonhabet
660 392 860 460 illamanus.
1009 409 1042 457 ro

72 471 102 536 N
104 493 141 536 ec
157 475 266 538 lamen
280 476 522 622 estquisquam,
538 497 644 541 sacros
657 477 711 560 qui
725 475 831 542 laedat
845 483 1003 544 amantes:

113 555 258 622 Scironis
279 582 331 624 me
355 562 387 624 ia
407 561 454 625 sio
474 560 551 624 licet
571 562 618 624 ire
638 561 700 625 ria.

72 639 224 726 Quisquis
247 647 372 708 amator
394 645 469 727 erit,
492 644 650 728 Seyihicis
671 645 748 710 licei
769 647 911 712 ambulei
932 649 1012 714 oris:

112 725 221 791 Nemo
243 727 338 811 adeo,
360 731 398 793 ui
418 734 550 811 noceat,
572 730 725 794 barbarus
748 752 817 796 esse
839 733 933 796 volel.

71 809 167 874 Luna
185 813 347 876 ministrae
367 814 443 897 iter,
466 813 687 879 demonstrans
709 819 795 880 astra
816 816 971 900 salebras,
1005 829 1039 879 15

113 894 190 978 Ipse
211 898 314 962 Amor
336 918 485 963 accensas
507 899 645 982 perculit
666 902 740 963 anie
762 901 864 984 laces,

74 977 176 1044 Saeva
197 1003 311 1046 canum
332 983 437 1048 rabies
459 1004 584 1047 morsus
607 985 722 1048 avertit
742 984 883 1050 hiantes:

114 1062 200 1130 Huic
220 1067 333 1150 generi
355 1067 466 1151 quovis
487 1071 631 1151 tempore
652 1071 723 1132 tute
743 1070 835 1133 viasl.

76 1145 236 1234 Sanguine
257 1154 325 1215 iem
347 1174 426 1235 puro
449 1152 519 1237 quis
542 1153 628 1215 enirn
649 1157 818 1238 spargatur
839 1155 975 1219 amanlis

116 1232 157 1296 In
177 1236 297 1300 robus?
322 1257 408 1317 ecoe,
433 1237 498 1301 suis
519 1237 558 1300 fit
578 1259 684 1302 comes
705 1239 777 1323 ipsa
798 1238 917 1304 Venus
1003 1253 1038 1302 20

76 1257 177 1390 Quoi
187 1321 215 1383 si
237 1323 325 1384 ceria
345 1341 433 1385 meos
456 1325 661 1405 sequerentur
682 1323 795 1388 funera
817 1345 922 1407 casus,

117 1401 202 1468 Talis
223 1426 309 1468 mors
330 1406 433 1489 prelio
455 1406 503 1471 vel
527 1407 570 1470 sie
591 1408 724 1471 emenda
744 1407 834 1472 mihi.

76 1485 208 1553 adferet
227 1488 308 1553 haec
329 1493 494 1575 unguente
513 1490 593 1554 mihi
615 1492 707 1554 sertis
730 1513 769 1554 ue
792 1493 996 1574 sepulchrum

118 1570 251 1637 Omabit
273 1577 379 1640 custos
402 1575 442 1638 ad
462 1597 534 1639 mea
554 1575 649 1639 busta
671 1514 793 1639 sciens.

74 1650 117 1718 Di
136 1657 274 1740 faciant,
296 1681 367 1723 mea
388 1681 429 1724 ne
450 1661 536 1724 terra
555 1661 640 1724 locet
661 1681 735 1723 ossa
754 1659 930 1743 frequenti,
1003 1672 1037 1722 25

117 1740 185 1817 Qua
206 1741 286 1806 fecii
307 1743 438 1808 adsiduo
460 1745 589 1808 tramite
610 1744 723 1828 volgus
744 1743 816 1808 iter.

74 1820 151 1890 Posi
172 1831 310 1892 mortem
330 1829 446 1892 humuli
468 1830 515 1894 sic
536 1829 731 1892 infamantur
752 1830 930 1892 amantum:

116 1910 168 1976 Me
190 1913 282 1996 legal
303 1914 436 1978 arborea
458 1912 549 1977 devia
569 1917 655 1977 terra
676 1933 780 1995 coma,

74 1992 137 2059 Aul
158 1995 272 2060 humer
291 1996 422 2082 ignolae
444 1997 579 2063 cumulis
600 1999 735 2062 vallatus
756 1996 910 2061 harenae:

11 2112 12 2148 l
113 2079 190 2146 Non
210 2081 299 2146 iuvai
319 2083 355 2147 in
375 2082 481 2146 media
502 2104 620 2147 nomen
640 2081 757 2146 hahere
777 2082 839 2146 via.
1002 2093 1038 2144 80

425 2297 510 2370 xvi
533 2293 680 2400 [Νη.

11 2479 12 2483 ,
74 2414 180 2502 Nune,
204 2440 223 2483 o
245 2417 392 2502 Bacche,
415 2421 479 2485 iuis
500 2421 637 2486 humiles
659 2421 857 2487 advolvimur
879 2420 957 2484 aris:

111 2501 163 2567 Da
183 2503 264 2569 mihi
284 2508 399 2589 pacato
422 2507 494 2570 vela
515 2507 668 2590 secunda,
690 2510 792 2590 pater.

75 2585 120 2652 Tu
140 2591 233 2673 potes
255 2589 387 2654 insanae
408 2589 543 2655 Veneris
566 2611 756 2673 conpescere
777 2591 893 2671 fasluS,

113 2670 330 2758 Ourarumque
351 2677 408 2738 tuo
429 2674 467 2738 fic
488 2673 647 2738 medicina
668 2694 766 2736 merc.

73 2753 130 2821 Per
151 2761 183 2822 le
205 2758 397 2843 iungunturj
418 2780 476 2842 per
496 2761 529 2823 ie
551 2758 719 2822 solvuntur
741 2759 899 2821 amanies:
1016 2767 1034 2819 ὅ

111 2840 159 2906 Tu
181 2842 294 2906 vilium
316 2844 483 2906 exanimo
507 2842 607 2926 dilue,
628 2842 770 2924 Bacche,
793 2863 874 2905 meo.

12 2927 13 2940 ¹
73 2923 114 2989 Te
136 2947 262 3010 quoque
285 2928 371 2991 enim
391 2949 459 2991 non
481 2949 549 2992 esse
570 2927 682 2991 rudem
698 2929 834 2990 testatur
847 2926 882 2988 in
897 2924 991 2988 astris

12 3035 15 3128 Ι
110 3010 271 3094 Lyneibus
294 3012 334 3074 ad
357 3013 479 3076 caelum
500 3014 592 3076 vecla
612 3011 755 3074 Ariadna
776 3009 849 3072 luis

12 3139 14 3192 l
72 3091 146 3177 Hoc=
162 3095 257 3178 mihi,
281 3096 366 3179 quod
388 3100 509 3160 veteres
533 3096 672 3160 custodie
692 3096 728 3157 in
749 3094 874 3157 ossibus
896 3094 1005 3178 ignes,

111 3177 236 3243 Funera
258 3181 416 3246 sanabunt
438 3183 493 3244 aut
513 3184 569 3243 tua
592 3181 665 3243 vina
685 3179 815 3242 malum.
1001 3192 1034 3240 10

72 3261 201 3348 Semper
224 3266 309 3329 enim
331 3287 447 3330 vacuos
469 3286 534 3329 nox
556 3265 662 3328 sobria
683 3266 812 3347 torquei
833 3267 990 3347 amantea,

111 3347 253 3433 Spesque
267 3351 427 3434 timorque
444 3351 585 3413 animum
600 3351 708 3413 versat
722 3353 855 3433 utroque
870 3349 975 3414 modo,

73 3430 161 3506 Quod
183 3433 225 3516 si,
247 3433 388 3517 Bacche,
411 3436 476 3497 tuis
498 3457 554 3518 per
575 3433 697 3498 fervida
718 3438 863 3518 tempora
885 3433 977 3497 donis
1089 3443 1095 3452 '

110 3517 294 3583 Accersilus
317 3520 378 3582 erit
400 3541 530 3583 somnus
551 3520 587 3583 in
608 3541 681 3584 ossa
701 3541 788 3599 mea,

846 3617 880 3669 a*
