2492 4022
212 275 236 324 x
583 257 797 318 PRAEFATIO.

210 430 349 505 (lineatus
365 425 408 508 [Π
423 430 451 502 3,
469 423 532 506 60].

210 517 281 576 Sero
299 510 341 595 [Π
356 516 384 587 3,
403 509 465 592 16].

211 599 341 659 Passala
358 594 400 677 [H
416 599 445 669 3,
463 593 525 675 10].

210 683 334 758 sepsos
351 678 377 761 [Ι
395 684 443 753 10,
461 677 503 758 11].

212 765 285 828 (lobs
302 763 328 845 [I
344 768 372 839 3,
389 762 452 844 86].

210 852 350 913 Stamina
367 846 393 928 [Ι
409 852 437 922 7,
455 845 497 927 il.

211 936 296 997 Lam
309 935 372 995 telis
387 930 414 1012 [I
430 935 457 1006 6,
475 928 538 1010 79].

212 1019 381 1094 ,40οἱ10000
398 1013 424 1096 [Ι
440 1019 468 1090 7,
485 1011 527 1094 3].

211 1103 359 1164 10000100
376 1098 402 1182 [Ι
418 1104 446 1174 7,
463 1096 526 1178 35].

212 1188 360 1247 Redimilo
375 1187 508 1245 omboes
525 1179 551 1262 [I
567 1186 595 1257 7,
611 1177 676 1262 45].

277 1269 323 1328 Ex
338 1268 436 1328 codiee
451 1268 504 1327 illo
525 1267 690 1328 carminum
706 1267 827 1342 Tibulli,
844 1266 895 1342 qui
910 1267 986 1326 elren
1000 1286 1027 1325 a.
1047 1269 1143 1330 1400
1160 1289 1195 1327 ax

212 1353 344 1413 tenebris
364 1352 498 1424 emersit,
521 1352 630 1410 fluxere
652 1352 822 1428 apographa
841 1355 876 1409 ul
894 1352 1024 1426 plurima
1044 1371 1192 1424 numero,

213 1439 257 1496 iia
277 1438 405 1496 maxima
424 1453 460 1496 ex
480 1438 566 1512 parte
587 1436 720 1513 gravilm‘
738 1435 928 1510 interpolata.
972 1436 1080 1511 Neque
1107 1439 1194 1496 ullus

212 1540 317 1582 eorum
337 1523 399 1580 lam
419 1521 560 1578 immunis
584 1538 602 1577 a
628 1520 695 1580 labe
715 1539 805 1595 quam
826 1518 936 1578 Catulli
956 1523 991 1578 ub
1010 1523 1088 1594 puta
1112 1523 1195 1580 liber

214 1606 478 1682 sangermanensis
498 1604 547 1664 vel
565 1603 783 1663 Laurentianus
804 1603 851 1663 vel
870 1602 1020 1678 Propertii
1039 1604 1192 1681 Neapoli-

213 1693 316 1764 tanus3
339 1689 391 1748 sed
411 1690 460 1748 vel
479 1689 511 1746 in
532 1686 652 1763 optimis
673 1689 815 1763 leguntur
834 1687 955 1763 quidam
976 1687 1126 1746 versiculi
1144 1709 1193 1748 ex-

213 1774 331 1851 plendis
351 1773 464 1832 lacunis
485 1791 502 1830 a
523 1771 636 1830 Thema
662 1771 774 1830 Seneoa
800 1773 830 1830 el
855 1771 892 1829 ab
913 1771 1023 1854 Ioanne
1048 1771 1193 1849 Aurispa

212 1859 290 1932 fioli,
313 1861 343 1917 et
362 1858 479 1933 saepius
504 1855 594 1915 eliam
621 1858 745 1931 apparel
770 1857 950 1914 correctores
970 1854 1062 1914 nans
1090 1860 1194 1917 verba

213 1961 289 2018 quae
309 1943 341 2000 in
361 1942 521 2017 archetypo
542 1940 640 1998 miuus
661 1942 763 1999 essent
781 1941 884 2014 aperta
902 1940 1023 2015 proprio
1044 1941 1193 2014 periculo

217 2027 389 2084 emendasse
404 2024 453 2085 vel
467 2025 628 2100 supplesse.

282 2108 422 2168 Ceterum
443 2127 479 2168 ex
498 2124 607 2185 magna
621 2107 812 2166 mullitudine
826 2103 973 2167 librorum
988 2109 1101 2167 0000011
1119 2110 1190 2169 XV.

214 2193 421 2252 Lachmannus
442 2193 556 2252 oodioes
575 2195 727 2267 tamquam
741 2191 900 2251 fidissimos
914 2195 949 2250 nt
961 2193 994 2250 in
1009 2193 1063 2251 beli
1077 2197 1191 2253 eondi-

214 2279 300 2336 oione
315 2276 643 2350 elegilEboraoensem‚
656 2276 799 2352 seriptum
815 2295 840 2334 a.
855 2277 944 2349 1425,
961 2277 1043 2336 ornus
1059 2277 1191 2338 00110110

214 2361 252 2419 ab
273 2359 396 2418 Heinsio
418 2360 551 2419 eonfeela
571 2362 598 2419 ei
619 2364 683 2420 ersi
707 2362 835 2436 praesia.
878 2361 990 2419 Fuerat
1007 2358 1085 2420 liber
1109 2363 1192 2422 olim

171 2439 183 2452 “
213 2444 426 2520 archiepiscopi
445 2445 544 2503 neseio
565 2444 647 2504 ouius
662 2445 872 2518 Eboraoensis‚
894 2445 947 2503 sed
961 2463 1030 2504 eum
1044 2447 1106 2503 iam
1124 2467 1192 2506 non

213 2531 315 2588 extare
334 2529 367 2586 in
387 2529 440 2587 hae
460 2529 533 2589 urbe
548 2530 677 2588 ‘restatur
694 2527 773 2590 Guil.
789 2528 956 2606 Wagnerus
971 2549 1011 2587 m.
1026 2528 1081 2588 Rh.
1097 2523 1189 2606 XXI,

217 2613 278 2672 134
293 2631 347 2688 sq„
363 2615 414 2689 qui
428 2613 595 2688 suspIoalur
609 2631 678 2672 eum
692 2614 841 2672 bellorum
855 2613 988 2672 civilium
1003 2611 1113 2688 quibus
1131 2635 1191 2691 per

214 2715 291 2757 saeo.
305 2696 394 2756 XVII
414 2700 446 2757 ei
464 2696 567 2757 XVIII
591 2697 730 2774 flagravit
752 2697 851 2756 Soolia
871 2695 1028 2756 'furoribus
1052 2697 1188 2758 interce-

215 2785 310 2858 ptum.
354 2781 432 2841 Huio
451 2781 544 2840 oodioi
566 2783 648 2840 ouius
669 2785 741 2840 nola
761 2783 807 2840 est
826 2780 855 2839 Ἀ
880 2782 981 2857 paullo
1000 2782 1090 2840 eliam
1112 2785 1189 2857 plus

213 2867 375 2927 tribuimus
386 2885 474 2942 quam
484 2865 700 2924 Lachmannus.
713 2865 870 2924 Proximus
880 2865 1014 2924 bonilaie
1026 2868 1072 2924 esi
1083 2865 1187 2928 Paris.

214 2953 317 3026 regius
333 2953 424 3024 7989,
438 2951 554 3010 01423
570 2951 602 3008 in
617 2950 718 3008 charta
733 2950 868 3024 soriplus,
881 2967 970 3024 quem
985 2950 1117 3025 signavit
1130 2952 1188 3011 ille

214 3035 250 3092 B.
276 3035 434 3094 Praeterea
448 3037 509 3094 tres
520 3035 613 3094 libros
625 3034 756 3110 graviter
769 3033 974 3108 interpolatos,
990 3034 1042 3092 sed
1052 3051 1187 3110 quorum

214 3135 375 3177 consensus
399 3117 435 3195 (O
456 3119 559 3178 litbera
579 3116 775 3195 signifioabrr)
796 3119 897 3194 magni
919 3120 997 3176 ossei.
1015 3118 1185 3192 habendus,

214 3200 309 3276 elegit
322 3201 401 3258 idem
416 3201 604 3276 Willianum,
626 3203 785 3275 Datanum,
805 3201 1033 3276 Askewianum3
1055 3202 1105 3277 qui
1126 3222 1187 3277 per

215 3284 470 3344 abbreviationem
486 3289 556 3344 sunt
570 3286 642 3344 diali
656 3287 730 3346 abe.
752 3285 868 3346 Horum
883 3285 976 3362 igilur
989 3285 1185 3361 potissimum

215 3367 351 3426 oodioum
365 3368 544 3442 renensium,
566 3373 601 3427 ul
613 3371 711 3444 vides,
732 3389 787 3429 neo
802 3371 984 3430 sineerorum
998 3369 1183 3430 testimoniis

216 3452 249 3508 in
269 3451 475 3510 constituenda
494 3452 621 3510 lealione
643 3454 756 3515 Tibulli
776 3455 917 3514 debemus
935 3453 1006 3528 nibi3
1022 3457 1183 3514 00010100-

216 3535 293 3592 liora
311 3533 357 3593 hle
379 3534 514 3608 exempla
539 3537 609 3609 post
628 3536 851 3596 Lachmannum
875 3556 937 3597 non
955 3539 1079 3598 inventa
1099 3545 1182 3598 sunt.
