2486 4010
47 187 177 258 nm]
464 183 573 238 ureae
594 183 657 239 1111.

51 351 189 417 Omnia
211 349 377 414 Romanae
399 313 515 412 cedent
534 347 687 412 miracula
706 349 827 412 terrae.

97 434 240 500 Natura
259 432 313 496 hic
333 432 457 516 posuit,
479 431 632 515 quidquid
653 431 770 515 ubique
790 431 860 496 fuit.

53 519 180 584 Armis
205 520 280 602 apta
299 517 404 602 magis
425 516 537 596 tellus,
559 538 656 599 quam
678 515 844 580 commoda
864 536 982 581 noxae:

101 603 263 685 Famam,
285 601 405 685 Roma,
427 603 501 666 tuae
521 621 589 665 non
610 600 710 684 pudet
729 599 892 665 historiae.
1005 612 1040 663 ιο

54 687 155 754 Nam
180 650 335 783 quariturn
355 649 456 769 faire,
478 687 606 750 tentum
627 685 746 784 pietate
770 686 918 769 potentes

68 771 259 836 stamus:
280 769 427 835 victrices
448 771 637 866 temperat
627 791 675 832 rra
696 789 821 834 manns.

56 855 134 920 Hic
156 855 246 919 Anio
268 853 410 918 'liburna
430 853 518 937 fluis,
541 853 722 919 Clitumnus
744 853 784 918 ab
805 852 927 918 Vmbro

109 939 272 1021 'lhamita
296 942 331 1002 et
349 940 514 1002 aeternum
535 937 674 1002 Marcius
695 958 789 1002 umor
810 958 906 1021 epus,

61 1024 221 1089 Albanus
242 1023 329 1086 lacus
352 1027 386 1086 et
406 1023 493 1088 socia
513 1020 721 1088 Nemorensis
743 1022 783 1086 ab
805 1022 905 1105 unda,
1006 1033 1040 1084 ιι

112 1107 220 1191 Potaq
163 1111 260 1191 taque
280 1106 454 1172 Pollucisl
442 1106 574 1191 lpha
595 1105 731 1170 salubris
753 1127 845 1254 equo

65 1194 119 1258 At
139 1213 210 1257 non
231 1212 453 1289 squamosos
421 1191 453 1256 la
474 1195 572 1256 untur
593 1193 704 1255 ventre
726 1193 880 1290 cerastae,

113 1277 200 1342 Itala
219 1276 377 1360 portentis
397 1296 458 1340 nee
478 1275 550 1340 fluit
570 1276 657 1340 unda
676 1275 784 1360 novis,

67 1360 151 1427 Non
166 1299 241 1426 hiep
232 1359 456 1425 Andromedae
469 1363 626 1426 resonant
637 1380 697 1445 pro
712 1326 817 1426 madre
831 1364 976 1444 catenae,

114 1445 188 1512 Nee
207 1445 319 1543 tremis
340 1445 515 1528 Ausoniae,
537 1444 668 1509 Phoebe
678 1444 815 1542 fugate,
838 1444 899 1529 dap
901 1465 952 1524 es,
1006 1455 1041 1504 30

67 1530 145 1596 Nec
169 1530 315 1628 cuiqnam
336 1529 484 1595 absentes
506 1527 686 1595 arserunt
675 1549 711 1592 nr
732 1528 859 1612 eaput
848 1468 941 1613 rglres

114 1614 261 1679 Exitium
280 1617 358 1679 nato
379 1617 482 1679 matre
504 1615 652 1678 movente
674 1633 748 1695 suo,

69 1697 218 1764 Penthea
238 1720 306 1763 non
327 1720 440 1764 saevae
461 1697 648 1763 venantur
638 1719 673 1760 1n
694 1696 807 1761 arbore
827 1693 989 1778 Bacchae,

114 1783 187 1850 Nec
209 1783 307 1847 solvit
326 1783 455 1848 Danaas
476 1783 604 1846 subdita
626 1803 719 1846 cerva
739 1783 840 1863 rates,

73 1865 205 1933 Cornua
225 1889 286 1932 nec
307 1868 408 1932 valuit
429 1887 558 1931 curvare
580 1867 615 1930 in
636 1865 738 1949 pelice
759 1863 840 1929 Iuno
1007 1873 1042 1922 ιι

113 1953 186 2016 Aut
205 1951 322 2016 faeiem
343 1952 449 2073 turpi
452 1950 641 2016 dedecorare
664 1949 759 2032 bove,

71 2121 300 2204 Arboreasque
323 2141 431 2184 eruces
454 2118 540 2184 Sinis
546 2083 595 2183 *et
615 2140 683 2182 non
703 2117 834 2200 hospita
857 2115 949 2180 Grais

116 2203 256 2271 Saxae
278 2203 454 2270 curvatas'
443 2226 478 2267 ιιι
501 2225 558 2267 sua
578 2203 645 2267 fate
665 2202 782 2267 trabes.

71 2287 166 2354 Haec
191 2289 269 2368 tibi,
296 2289 403 2373 Tulle,
430 2309 560 2372 parens,
590 2286 668 2352 haee
697 2289 747 2351 est
772 2285 986 2372 pulcherrima

630 2373 903 2536 eteridiidshonos,
1009 2462 1044 2514 40

115 2457 183 2522 Hie
203 2457 265 2521 tibi
284 2479 344 2541 pro
368 2457 466 2554 digna
487 2459 584 2542 gente
605 2459 661 2603 pet

71 2542 140 2608 Hie
160 2541 222 2606 tibi
243 2541 284 2606 ad
305 2543 466 2625 eloqurum
488 2543 664 2624 cives,1c
686 2540 793 2622 ampla
813 2541 967 2621 nepotum

119 2625 256 2710 Spes
222 2647 239 2690 e
277 2629 427 2691 ventrnae
451 2590 597 2743 coniugis
619 2627 712 2707 aptus
735 2643 834 2686 amor.

485 2762 638 2772 ———-

496 2837 630 2912 XXllI

72 2963 122 3030 Er
146 2983 167 3027 ο
188 2966 256 3027 tarn
279 2962 354 3027 doct
355 2983 391 3027 ae
339 2961 507 3025 tnebis
528 2961 650 3044 periere
671 2959 824 3056 tabellae,

120 2984 248 3131 §cripta
270 3047 383 3130 quibus
405 3046 525 3129 pariter
545 3047 597 3108 ιοι
616 3043 739 3128 periere
761 3006 855 3106 beria.

73 3131 146 3197 Has
168 3131 330 3228 quendarn
351 3130 470 3195 nostris
492 3128 638 3193 manibus
660 3126 832 3191 detriverat
851 3147 942 3210 nsua,

119 3215 183 3292 Qui
202 3237 271 3280 non
285 3215 467 3315 ‘signatas'
457 3214 550 3278 1ussit
535 3211 687 3278 thabere
709 3211 813 3276 fidem

1 3299 2 3364 l
74 3299 190 3366 Illae'
179 3322 244 3364 1am
266 3300 336 3364 eine
357 3321 409 3362 me
430 3301 548 3363 nerant
567 3297 694 3381 placare
715 3297 839 3382 puellas
1026 3305 1044 3356 ι

1 3395 2 3458 ᾗ
118 3384 166 3449 Et
187 3384 388 3468 quaedam
363 3405 431 3448 arne
453 3405 505 3448 me
510 3383 623 3448 verba
643 3381 762 3446 diserta
782 3382 880 3467 loqui.

1 3507 2 3546 ;
74 3468 155 3536 Non
177 3469 249 3534 illas
270 3470 370 3534 fixum
391 3489 480 3534 caras
503 3467 649 3534 effecerat
670 3489 797 3534 aurum:
