2444 4056
201 243 236 292 v1
366 252 382 310 ρ
572 229 784 286 Parnassio,

201 402 328 459 secutus.
343 425 350 441 ·
366 395 461 468 Quam
482 396 563 473 quod
578 398 719 472 optimam
734 395 909 472 appellavit,
931 415 1074 475 agnosces
1096 418 1159 458 eum

201 483 352 542 Socratica
376 482 472 540 ironia
492 481 555 540 sive
581 480 736 540 Luciliana
761 481 943 554 urbanitate,
971 480 1006 540 ut
1025 501 1160 542 nonnun-

202 585 292 642 quam
305 566 389 638 alias,
404 565 588 644 lepidissimo
604 583 672 624 cum
686 565 750 623 ioco
762 583 859 624 usum.
888 565 994 641 Neque
1006 567 1087 626 enim
1102 568 1159 625 ullo

200 654 287 728 pacto
303 649 409 708 adduci
423 667 557 724 possum,
577 651 613 706 ut
627 649 745 707 credam
758 648 790 706 id
804 668 873 707 eum
887 667 923 708 ex
937 649 1030 709 animi
1045 654 1159 710 senten-

90 741 93 746 '
200 734 244 792 tia
258 735 363 793 tulisse
378 732 529 804 iudicium,
544 733 603 791 nisi
617 731 695 790 forte
710 734 876 792 statuemus
890 753 966 805 eum,
983 735 1035 809 qui
1050 739 1160 809 quanta

202 821 281 877 esset
295 818 408 895 ingenii
422 817 555 876 sollertia
566 819 597 874 et
610 817 707 890 prima
722 816 885 876 declaravit
894 820 991 877 aetate
1002 821 1034 876 et
1048 837 1160 877 summa

201 903 234 962 in
248 902 362 961 mediae
376 902 456 962 vitae
470 900 542 958 flore
555 900 691 959 hebetem
706 899 798 960 fuisse
813 902 903 976 atque
914 901 1066 960 obtusum.
1096 905 1159 960 Ete-

201 985 439 1054 ninadelacobo
451 984 539 1043 aliter
553 984 703 1043 iudicandi
719 1002 808 1059 quam
819 984 890 1042 olim
906 986 939 1044 in
955 985 1032 1044 libro
1044 985 1072 1043 d.
1085 1005 1111 1044 r.
1123 1005 1158 1044 m

179 1054 256 1146 pff
271 1071 310 1128 52
325 1088 379 1144 sq,
394 1086 463 1126 mox
477 1069 509 1126 in
524 1085 611 1142 opere
626 1086 660 1128 oc
677 1085 736 1143 quo
751 1067 942 1127 classicorum
957 1069 1036 1144 apud
1050 1069 1158 1128 Neder-

201 1153 307 1212 landos
328 1151 495 1211 studiorum
514 1151 644 1212 rationes
664 1169 731 1211 sum
751 1153 923 1226 persecutus
944 1172 995 1229 pg.
1012 1153 1073 1212 226
1095 1153 1158 1223 ieci,

206 1237 322 1296 nullam
336 1235 473 1311 equidem
494 1253 617 1310 prorsus
631 1235 717 1296 video
737 1235 917 1295 facultatem.
947 1235 1025 1296 Eum
1038 1237 1088 1296 hic
1101 1237 1158 1296 illic

202 1321 235 1379 in
262 1319 458 1394 scriptoribus
479 1337 554 1394 quos
576 1319 671 1378 edidit
695 1319 859 1380 tractandis
885 1319 995 1380 vidisse
1021 1320 1053 1379 id
1082 1320 1159 1396 quod

203 1423 308 1463 verum
327 1405 392 1461 erat
411 1403 554 1462 concedo:
575 1403 627 1462 sed
648 1403 728 1462 aliud
749 1407 795 1462 est
812 1403 925 1462 bonum
939 1403 1077 1463 anticum
1091 1424 1157 1474 esse,
1201 1441 1202 1450 κ

203 1487 285 1545 aliud
299 1487 505 1546 observatione
520 1486 621 1562 aliqua
635 1488 697 1548 sive
712 1488 882 1548 coniectura
896 1491 1032 1548 veterum
1050 1490 1159 1563 scripta
1201 1493 1202 1510 ³

202 1572 315 1643 iuvare,
331 1591 347 1629 e
363 1570 471 1645 quibus
484 1571 541 1628 hoc
554 1571 719 1646 plerisque,
734 1571 810 1630 illud
824 1572 953 1648 contigit
966 1571 1159 1648 paucissimis.

203 1655 318 1728 Nempe
333 1653 365 1712 in
375 1653 482 1713 Iacobo
494 1657 612 1728 praeter
626 1673 772 1714 summam
783 1656 972 1716 reimetricae
985 1656 1160 1732 imperitiam

202 1739 254 1798 vix
274 1738 372 1798 minus
393 1755 535 1815 agnosces
555 1738 689 1797 studium
702 1738 922 1798 abstrusissima
942 1758 1075 1816 quaeque
1095 1745 1160 1798 etc

204 1825 395 1898 simplicitate
419 1821 570 1884 iudicandi
596 1821 777 1882 alienissime
797 1823 938 1905 sectandi.
981 1822 1076 1893 Quam
1097 1843 1159 1898 pra·

203 1909 328 1966 vitatem
342 1907 483 1982 probavit
498 1910 529 1965 et
543 1906 727 1966 defendendo
741 1907 931 1982 pertinaciter
944 1907 1074 1982 plurima
1089 1925 1160 1983 quae

204 1994 343 2065 corrupta
368 1993 481 2060 essent,
511 1989 653 2048 adhibitis
676 1993 851 2066 plerumque
875 1991 913 2050 ad
938 1991 1161 2052 sustentandam

203 2073 345 2132 traditam
357 2072 517 2131 lectionem
530 2071 604 2131 locis
618 2073 691 2132 item
701 2074 881 2149 depravatis,
897 2078 928 2134 et
942 2075 1071 2150 propriis
1084 2074 1160 2134 baud

204 2175 271 2214 raro
292 2155 469 2215 coniecturis
491 2156 612 2256 queffisi
632 2158 869 2217 membranarum
889 2159 1068 2218 testimoniis
1087 2159 1160 2218 nite

203 2243 323 2312 rentur,
352 2243 422 2298 ante
444 2241 542 2298 omnia
562 2244 662 2300 essent
681 2241 864 2302 emendando
884 2243 1041 2302 tollendae.
1085 2243 1160 2302 Hine
1200 2303 1201 2320 ,

204 2324 295 2384 etiam
314 2323 415 2382 evenit
434 2323 599 2400 elegantiae
619 2325 749 2384 cuiusvis
770 2327 903 2400 poeticae
922 2329 954 2386 et
973 2327 1082 2385 nitoris
1097 2345 1160 2385 con·
1200 2337 1201 2412 ᾗ

203 2411 337 2483 temptas
349 2408 409 2479 ille,
426 2407 641 2484 scabritiasque
652 2412 775 2468 amoret
786 2411 927 2484 sordium,
944 2428 1003 2486 quo
1018 2411 1161 2485 impulsus
1200 2435 1201 2454 a

203 2493 346 2568 pleraque
373 2491 518 2551 Italorum
543 2495 711 2552 commenta
735 2496 767 2553 et
791 2494 891 2569 siquos
915 2493 1024 2553 Batavi
1047 2493 1108 2552 illis
1134 2497 1161 2552 et

203 2575 307 2634 iudicii
332 2575 499 2636 subtilitate
519 2579 550 2635 et
574 2579 731 2651 poetarum
755 2578 864 2651 peritia
888 2578 999 2637 similes
1021 2579 1159 2648 tulerant,

203 2660 353 2720 immerito
367 2659 473 2718 habuit
487 2662 672 2735 contemptu.
707 2660 844 2734 Accedit,
866 2661 948 2737 quod
961 2663 1037 2720 mira
1050 2661 1107 2720 fati
1120 2664 1160 2719 in·

203 2744 348 2804 felicitate
374 2762 424 2803 eos
451 2745 641 2818 potissimum
659 2747 815 2804 auctorum
838 2745 931 2804 libros
955 2745 1012 2804 sibi
1036 2746 1161 2820 sumpsit

203 2829 391 2903 tractandos,
413 2828 465 2904 qui
484 2827 653 2887 difficillimi
673 2847 743 2888 sane
758 2830 789 2887 et
804 2828 1020 2903 corruptissimi
1033 2831 1083 2888 vel
1098 2827 1159 2888 Sca·

203 2913 305 2988 ligeris
326 2912 486 2989 aliquando
507 2914 538 2971 et
563 2911 709 2974 Bentleiie
728 2911 848 2972 fucrant
868 2913 1058 2988 desperandi,
1091 2917 1160 2987 puta

204 2995 370 3070 Propertii,
396 2995 526 3070 Manilii,
553 2998 616 3055 eius
643 2997 841 3072 quiscripsit
861 3015 979 3056 carmen
999 2997 1035 3054 de
1056 2996 1160 3054 Aetna.

203 3079 283 3138 Hinc
298 3079 425 3152 factum,
446 3083 482 3138 ut
495 3081 722 3140 florentissimus
737 3081 935 3158 elegiacorum
954 3083 1002 3138 tot
1022 3098 1056 3138 ac
1070 3081 1162 3138 tantis

205 3162 341 3222 sordibus
356 3163 579 3237 inquinaretur,
600 3183 685 3240 saepe
700 3167 735 3224 ut
754 3165 834 3224 ferae
850 3183 939 3240 quam
952 3164 1082 3223 hominis
1097 3182 1163 3222 eum
1199 3219 1200 3228 ,

204 3247 318 3306 diceres
332 3242 515 3306 similiorem.
1199 3233 1200 3294 l

267 3331 369 3406 Atque
391 3331 461 3389 haec
475 3331 613 3405 equidem
636 3351 692 3406 pro
713 3331 771 3391 fide
786 3334 934 3392 nostrast
953 3331 1089 3391 veritatis
1104 3335 1163 3391 stu·

204 3415 263 3487 dio,
279 3433 337 3490 quo
352 3415 411 3474 toti
425 3416 562 3473 tenemur
573 3416 745 3489 exponenda
756 3433 820 3474 esse
831 3416 1008 3475 censuimus.
1027 3413 1165 3474 Ceterum

203 3499 334 3559 rationes
355 3497 494 3558 editionis
514 3517 532 3556 a
550 3497 740 3558 Lachmanno
761 3517 787 3556 a.
806 3499 886 3558 1829
907 3499 1077 3573 publicatae
1098 3518 1166 3559 eum
