2492 4022
527 243 557 300 O.
578 243 706 302 LIClNlI
729 242 837 298 CALVI

521 438 582 506 ΙΠ.
613 437 835 506 DISTICHA.

250 591 291 640 16.
323 599 396 644 oum
417 576 482 642 iam
504 577 592 641 fulvo
614 575 695 640 ciuis
717 575 817 642 fuero.

251 677 332 733 Ohor.
352 693 399 748 pg.
413 683 445 732 78
464 675 608 731 ‘feminino
626 691 729 744 genere
748 675 821 730 dixit
834 675 958 730 cinerem
974 675 1007 730 ut
1019 673 1131 730 Calvus
1151 677 1184 730 in

200 745 381 800 carminibus’
400 762 424 800 e.
443 761 470 812 q.
489 761 510 798 s.
544 743 654 798 Nonius
665 760 713 814 pg.
727 750 776 799 198
794 743 875 798 ‘cinis
891 773 927 786 -
942 744 1081 798 feminino
1097 761 1116 797 a
1140 745 1183 798 ud

200 815 348 868 Caesarem
365 814 395 868 et
407 811 540 868 Catulum
552 812 582 866 et
594 811 712 866 Calvum
728 811 834 866 lectum
846 812 902 879 est,
921 827 1041 880 quorum
1051 827 1110 866 vec
1150 814 1183 866 at

200 881 365 936 auctoritas:
388 879 534 934 onmium
553 879 635 933 fulve
656 879 726 932 cinis
747 879 859 934 fueris’.
898 879 943 933 Ibi
964 880 1034 934 illud
1052 879 1181 934 ‘fuerit’

200 948 290 1004 estin
308 947 428 1016 Guelph.
464 947 524 1003 Cot.
542 947 578 1002 of.
595 963 659 1002 cun.
676 945 775 1016 philol.
794 963 819 1002 o..
838 952 905 1005 1868
921 965 970 1016 pg.
986 954 1046 1003 439.

253 1083 296 1132 17.
328 1068 465 1133 forsitan
485 1066 548 1134 hoc
570 1065 667 1132 etium
688 1065 827 1152 gaudeat
847 1065 919 1151 ipsu
940 1065 1031 1133 ciuis.

252 1168 334 1224 Char.
351 1167 371 1221 l.
388 1187 425 1222 m.

250 1251 397 1307 Pertinent
418 1253 490 1307 hoec
506 1252 667 1322 fragmenta
684 1251 722 1305 cd
740 1253 865 1307 carmina
882 1251 985 1320 quibus
1004 1251 1180 1318 Quintilium

200 1321 352 1376 immaturo
368 1320 467 1375 funere
485 1321 596 1391 raptum
615 1319 920 1399 celebravit'liicinius.
944 1320 1090 1400 ‘Ceterum
1109 1339 1180 1398 eum

201 1387 420 1522 flemmffisobticliIs’
432 1388 548 1512 {igildem
565 1386 730 1442 dissimilem
747 1389 834 1442 frusse
847 1387 953 1444 Octulh
969 1389 1095 1444 testatur
1107 1389 1179 1444 Ovr-

255 1588 296 1638 18.
329 1574 482 1661 Magnus,
512 1597 607 1660 quem
628 1577 776 1640 metuunt
796 1596 923 1661 omnes,
951 1575 1053 1661 digito
1076 1580 1178 1660 caput

373 1745 497 1830 scalpit.
520 1745 597 1828 quid
612 1744 722 1812 credes
738 1681 909 1812 1111Πέῃεῖὒί
930 1744 1032 1810 velle?
1055 1745 1175 1811 virum.

254 1847 347 1904 Schol.
365 1845 470 1901 Lucani
488 1846 525 1900 ud
541 1845 608 1911 Vll,
627 1851 688 1912 726,
706 1845 756 1899 ubi
775 1845 900 1899 Martiali
919 1845 1055 1899 tribuitur
1075 1861 1112 1899 uc
1133 1846 1176 1900 le-

203 1917 280 1986 gitur
298 1916 448 1970 ‘homines'
467 1915 496 1968 et
513 1912 595 1980 ‘quid
612 1912 709 1966 dioss’.
734 1913 797 1968 Sen.
814 1914 939 1968 controv.
951 1930 998 1982 pg.
1011 1918 1061 1966 211
1078 1911 1176 1967 Burs:

206 1987 236 2039 et
253 1985 377 2038 carmine
388 1998 507 2061 'quoque
526 1979 618 2048 (Calvi
660 1981 789 2048 quamvis
806 1981 901 2034 iocosa
918 1981 985 2048 sint,
1004 1981 1090 2050 plena
1108 1983 1177 2034 sunt

203 2051 327 2121 ingentis
350 2066 444 2128 smmi.
471 2049 541 2127 dicit
562 2048 598 2101 de
619 1983 755 2117 iompeio
780 2047 904 2117 ‘digito’
927 2065 951 2104 e.
975 2065 1001 2126 q.
1024 2066 1046 2102 s.
1082 2057 1174 2115 ‘quo’

205 2119 266 2197 cod.
284 2116 596 2195 vetustissrmus,1dem
614 2115 722 2170 ‘belle'.
746 2116 888 2194 ldemupg.
902 2122 963 2170 301:
980 2133 1010 2169 m
1029 2115 1077 2170 Cn
1089 2113 1175 2169 Pom-

203 2202 300 2255 peium
316 2186 394 2240 terre.
409 2201 536 2254 marique
555 2184 691 2238 vrctorem
712 2184 768 2237 furt
785 2199 835 2250 qur
852 2200 964 2237 carmen
981 2187 1174 2261 componeret,

205 2269 261 2307 uno
282 2253 321 2331 ut,
337 2252 379 2306 uit
398 2251 489 2329 digito
512 2251 604 2329 capud
621 2251 819 2330 scalpentem„
842 2250 1043 2329 Quantumad
1066 2268 1174 2306 crunon

205 2322 340 2388 Pompero
359 2319 514 2384 obiectum,
535 2319 659 2396 videndo
679 2322 822 2397 Ammram
841 2319 1003 2396 Marcellrnr⁸
1015 2317 1107 2396 XVIl,
1129 2327 1172 2396 μς

205 2389 264 2443 Iuv.
288 2387 382 2455 VIIII,
411 2394 470 2454 1333
497 2385 666 2441 schohorum
689 2385 796 2440 Lucum
821 2387 840 2441 1.
863 2405 912 2454 m.;
940 2385 1097 2442 Werohertr
1122 2385 1172 2446 hb.

257 2589 298 2640 ro.
641 2573 795 2660 Bithynia
816 2574 892 2659 quid
914 2573 969 2639 uid

334 2665 366 2726 et
386 2661 551 2746 pedioator
573 2659 717 2726 Caesaris
738 2681 889 2743 umquam
933 2659 1032 2724 abuit.
1064 2680 1067 2686 ’

257 2764 333 2819 Suet.
352 2780 378 2818 v.
397 2762 525 2816 Caesaris
547 2777 569 2816 o.
587 2767 628 2814 49.
663 2760 742 2814 Idem
760 2766 804 2815 ⁷3:
829 2759 857 2814 O.
877 2758 964 2814 Calvo
981 2760 1048 2828 post
1063 2759 1170 2814 fumosa

207 2832 414 2902 epigrammata
431 2830 465 2884 de
483 2827 711 2883 reconciliatione
728 2844 781 2896 per
802 2826 906 2882 amicos
929 2828 1026 2896 egenti
1047 2826 1121 2882 ultro
1137 2845 1169 2882 ac

206 2902 283 2969 prior
300 2899 414 2968 scripsit
430 2897 564 2966 (Caesen).

258 3025 299 3072 20.
321 3017 412 3072 Valde
430 3017 548 3071 dubium
565 3015 704 3085 poematis
719 3014 778 3070 eius
795 3015 1015 3070 adtribuendum
1031 3014 1068 3068 sit
1084 3031 1169 3070 necne

206 3084 280 3138 illud
306 3085 384 3152 quod
410 3085 492 3139 offert
517 3084 657 3140 Charisius
684 3090 794 3152 p.59:
825 3085 899 3138 unde
924 3083 1104 3162 perspicuum
1129 3085 1170 3136 est

209 3153 328 3230 Calvum
345 3153 382 3230 {ed
400 3152 505 3230 amicos
527 3151 677 3230 nonrecte
700 3099 802 3228 iusisse
822 3160 872 3206 ‘ne
894 3150 1090 3217 triclinariuv,
1108 3165 1170 3227 oum

208 3219 381 3275 ‘tnchnarrs'
399 3219 491 3273 dicere
509 3220 659 3274 debuisset.
684 3219 766 3274 Certe
777 3217 891 3274 libellus
903 3218 940 3272 ed
952 3234 1076 3283 uxorem,
1094 3233 1169 3271 curus

208 3285 338 3342 meminit
358 3285 509 3340 Diomedes
526 3304 573 3356 pg.
591 3293 640 3342 372
658 3287 771 3342 videtur
791 3286 878 3342 fuisse
898 3286 1026 3356 pedestri
1046 3301 1168 3340 sermone

209 3355 337 3423 scriptus.
360 3384 392 3394 -
415 3353 507 3422 Magis
530 3355 616 3408 etiam
637 3355 746 3408 incerta
768 3370 841 3422 quae
863 3355 893 3408 in
919 3353 1032 3408 scholiis
1051 3351 1168 3408 Beruen-

209 3422 287 3476 sibus
313 3418 456 3497 udsoripte.
482 3423 547 3474 sunt
572 3423 609 3474 cd
634 3438 731 3492 georg.
748 3421 787 3489 II,
811 3429 844 3476 94
870 3423 1062 3491 ‘temptatura
1085 3421 1168 3489 pedes

210 3489 279 3542 olim
295 3488 480 3553 vincturaque
505 3485 655 3554 linguam’.
691 3489 762 3542 Sunt
778 3490 853 3542 enim
870 3489 940 3544 haec
958 3489 1026 3542 ‘hos
1043 3505 1136 3544 versus
1152 3506 1169 3542 c

211 3555 298 3609 Calvo
315 3554 401 3621 poete
417 3553 571 3607 transtulit.
599 3555 640 3608 uit
657 3555 732 3610 enim
748 3554 811 3610 ille:
833 3557 932 3626 lingua
948 3556 1015 3611 vino
1033 3558 1168 3626 temptan-
