2468 4036
191 197 232 263 16
599 194 743 254 aravum
836 279 839 286 Ι
1093 197 1163 269 [vn.

253 363 285 429 V
321 383 360 426 ue
382 360 478 426 marie
500 362 625 426 vastum
647 362 830 445 prospectet
850 359 991 424 'crinibus
1015 380 1141 444 aequor

204 461 239 512 20
322 447 404 511 rima
424 448 526 511 ratem
548 445 652 510 ventis
675 445 802 511 credere
824 445 918 510 docta
939 444 1062 528 Tyros,

255 531 365 608 Qualis
388 535 434 612 et,
456 533 582 595 arentes
604 551 676 596 cum
697 529 792 594 findit
813 529 914 594 Sirius
935 550 1049 614 agros,

296 615 424 680 Fertilis
446 615 566 680 aestiva
585 613 680 680 Nilus
701 612 842 678 abundet
864 613 967 698 aqua?

215 740 219 746 -
253 699 329 766 Nile
349 704 462 848 pater,
478 721 616 784 quanam
637 699 759 796 possim
781 703 816 763 te
838 698 941 762 dicere
963 719 1063 762 causa

297 785 365 848 Aut
386 785 440 868 qui
462 805 500 848 us
522 784 558 847 in
577 786 672 848 tems
694 783 870 848 occuluisse
893 781 1012 866 caput?

205 881 239 933 25
254 869 299 935 Te
321 873 453 954 propter
472 868 580 932 nullos
601 868 695 932 tellus
717 871 773 932 tua
792 867 936 951 postulat
956 867 1100 949 imbres,

297 953 397 1018 Arida
417 973 477 1017 nec
497 952 607 1036 pluvio
630 952 789 1038 supplicat
808 951 907 1016 herba
927 950 1007 1017 Iovi.

254 1037 301 1102 Te
324 1038 410 1102 canit
431 1040 526 1185 aque
548 1057 640 1101 suurn
659 1037 761 1121 pubes
782 1037 916 1100 miratur
938 1035 1046 1100 Osirin

295 1121 452 1204 Barbara,
510 1119 674 1204 emphiten
694 1121 846 1206 plangere
871 1121 965 1184 docta
985 1119 1123 1185 bovem.

255 1205 380 1270 Primus
402 1207 506 1269 aratra
526 1226 624 1270 manu
645 1205 767 1272 sollerti
789 1205 867 1270 fecit
888 1204 987 1269 Osiris

204 1301 239 1352 80
295 1290 340 1354 Et
359 1285 608 1354 teneram'ferro
631 1289 815 1356 sollicitavit
835 1289 982 1371 humum,

253 1374 378 1439 Primus
399 1373 583 1457 inexpertae
606 1373 755 1440 conmisit
776 1375 899 1438 semina
918 1376 1021 1438 terrae

296 1459 458 1542 Pomaque
479 1479 546 1523 non
567 1460 653 1524 notis
676 1459 757 1544 legit
778 1459 818 1524 ab
841 1458 1014 1523 arboribus

255 1542 317 1608 Hic
340 1543 449 1608 docuit
469 1547 613 1608 teneram
633 1543 717 1628 palis
738 1543 911 1628 adiungere
932 1543 1044 1625 vitem,

298 1627 361 1693 Hic
383 1628 516 1693 viridem
538 1627 617 1692 dura
639 1627 768 1693 caedere
789 1629 872 1692 falce
895 1648 1033 1692 comam:

206 1724 240 1776 86
255 1711 309 1777 lili
329 1712 484 1778 iucundos
505 1713 645 1796 primum
666 1714 789 1778 matura
811 1733 939 1796 sapores

296 1797 457 1882 Expressa
477 1796 606 1862 incultis
627 1818 690 1861 uva
711 1797 798 1860 dedit
818 1797 961 1880 pedibus

254 1881 314 1947 lllc
336 1883 440 1966 liquor
462 1881 570 1947 docuit
590 1903 684 1946 voces
706 1881 867 1945 inflectere
891 1884 999 1962 cantu,

297 1966 401 2031 Movit
422 1970 454 2031 et
475 1966 516 2030 ad
538 1969 640 2031 certos
661 1966 770 2030 nescia
790 1965 934 2029 membra
955 1962 1084 2046 modos,

255 2049 401 2115 Bacchus
424 2053 456 2116 et
475 2051 635 2135 agricolae
656 2071 774 2134 magno
797 2049 943 2118 confecia
963 2049 1070 2112 labore

204 2145 240 2196 40
297 2133 432 2200 Pectora
452 2136 601 2200 tristitiae
623 2135 828 2199 dissoluenda
848 2134 944 2199 dedit.

255 2217 401 2282 Bacchus
424 2221 457 2283 et
478 2220 612 2284 adflictis
635 2219 776 2303 requiem
790 2219 985 2288 monialibus
1008 2217 1122 2301 affert,

300 2301 400 2367 Crura
421 2303 497 2366 licet
519 2305 597 2368 dura
620 2303 771 2388 compede
793 2305 887 2387 pulsa
909 2305 1032 2368 sonent.

254 2385 332 2453 Non
353 2386 414 2451 tibi
436 2391 511 2450 sunt
531 2387 639 2452 tristes
662 2410 754 2454 curae
776 2409 835 2453 nec
857 2388 974 2470 lectus,
998 2387 1100 2467 Osiri,

153 2528 156 2533 ,
298 2470 361 2536 Sed
383 2471 497 2536 chorus
521 2475 555 2536 et
575 2476 686 2537 cantus
709 2476 741 2537 et
762 2472 840 2536 levis
862 2476 956 2556 aptus
978 2491 1079 2552 amor,

205 2567 239 2618 45
255 2554 318 2621 Sed
338 2557 418 2620 varii
439 2556 534 2621 flores
557 2559 589 2621 et
609 2557 700 2621 frons
722 2557 869 2620 redimita
891 2556 1064 2638 corymbis,

298 2639 382 2705 Fusa
404 2641 459 2706 sed
477 2641 516 2706 ad
538 2644 665 2706 teneros
688 2641 775 2706 lutea
795 2641 882 2724 palla
902 2641 999 2724 pedes

255 2724 300 2789 Et
321 2724 434 2810 Tyriae
456 2729 560 2792 vestes
582 2729 614 2790 et
635 2725 736 2790 dulcis
757 2726 838 2789 tibia
860 2728 955 2790 cantu

297 2809 342 2874 Et
363 2811 442 2875 levis
464 2811 596 2875 occultis
620 2810 747 2874 conscia
769 2811 849 2874 cista
871 2810 979 2874 sacris.

255 2893 327 2959 Huc
350 2895 425 2962 ades
447 2898 479 2960 et
501 2893 638 2960 Genium
660 2893 734 2958 ludo
759 2893 957 2978 Geniumque
980 2893 1105 2958 choreis

205 2989 241 3040 60
299 2979 494 3044 Concelebra
516 2983 549 3044 et
569 2979 670 3045 multo
692 2982 835 3062 tempora
856 2979 955 3043 funde
976 2999 1081 3042 mero:

256 3061 347 3126 Illius
370 3066 403 3126 et
422 3064 526 3129 nitido
549 3063 672 3129 stillent
692 3065 857 3148 unguenta
878 3063 1009 3147 capillo,

297 3145 343 3208 Et
364 3147 466 3230 capite
485 3151 522 3233 et
543 3149 626 3213 collo
647 3148 758 3212 mollia
780 3151 864 3212 serta
885 3151 986 3232 gerat.

258 3227 311 3292 Sic
332 3230 441 3294 venias
463 3230 631 3297 hodierne:
653 3233 714 3297 tibi
736 3232 808 3297 dem
829 3233 909 3296 turis
930 3231 1085 3316 honores,

297 3312 379 3390 Liba
402 3316 435 3376 et
455 3312 625 3397 Mopsopio
649 3315 754 3380 dulcia
773 3317 867 3382 melle
888 3317 998 3380 feram.

205 3409 241 3458 65
256 3397 301 3461 At
322 3397 382 3460 tibi
404 3403 582 3460 succrescat
602 3399 722 3481 proles,
746 3422 825 3482 quae
847 3401 932 3465 facta
952 3401 1098 3482 parentis

298 3481 428 3564 Augeat
449 3481 482 3544 et
504 3479 588 3543 circa
610 3484 686 3564 stet,
709 3484 902 3568 venerande,
926 3505 1045 3550 senem.
