2492 4022
203 245 264 333 108
604 267 771 326 rannus.

267 434 460 500 Crescensve
482 451 607 516 semper
627 432 663 496 in
685 452 776 496 suum
797 433 894 515 eaput
914 451 988 514 porr
1035 477 1039 488 .

264 517 335 584 Nee
358 516 533 582 seminosas
555 515 596 580 ad
617 516 796 581 cucurbitas
819 536 993 598 quemquan

265 602 319 666 Ad
341 622 527 685 ocymumve
549 620 769 665 aueumeresve
791 599 881 664 humi
901 599 991 664 fusos

266 686 385 750 Venire
408 684 501 749 eredo
525 683 691 750 sessilesve
713 685 869 767 laeiueas,

217 783 251 834 20
265 771 334 836 Nea
355 773 392 834 ui
414 769 533 834 salaces
554 771 649 832 noete
670 769 765 833 bollai
787 789 895 833 erucas
1218 777 1219 848 i

265 855 446 919 Mentamve
469 855 608 918 olentem
630 874 703 917 eum
725 852 905 917 salubribus
927 853 1007 918 rubis

267 941 406 1004 Aeresve
429 959 542 1022 caepas
566 937 725 1022 aliumque
747 937 904 1002 fibraium.

267 1023 354 1100 Quae
368 1024 492 1106 cuneta,
504 1025 615 1086 nostro
628 1043 819 1105 quamquam
832 1021 988 1088 habemus
999 1021 1032 1088 in
1042 1017 1143 1102 saepto,

267 1107 344 1172 Non
364 1107 515 1191 pauciora
535 1106 673 1190 proximi
694 1107 802 1170 ferunt
822 1106 918 1172 horsi.
1219 1177 1220 1182 η

217 1205 250 1255 25
266 1191 388 1268 Quibus
408 1191 528 1255 relictis
550 1191 585 1254 in
605 1190 686 1255 mibi
707 1190 887 1256 laborabam

266 1275 386 1340 Locum
407 1275 537 1357 venibis,
561 1275 779 1359 inprobissimi
800 1276 896 1342 sures.
1220 1265 1221 1360 i

266 1359 426 1425 Nimirum
449 1363 591 1442 aperiam
613 1359 789 1426 consolatis
812 1359 853 1424 ad
873 1380 1024 1444 poenam,
1220 1365 1221 1378 ¹

266 1442 337 1508 Hoe
359 1463 416 1507 vos
438 1446 471 1507 ei
491 1444 610 1528 ipsum,
634 1445 718 1528 quod
739 1445 912 1529 minamur,
934 1445 1056 1510 invitat.

646 1657 723 1732 LII.

266 1783 356 1850 Heus
377 1785 428 1869 iu,
450 1803 518 1847 non
538 1782 619 1848 bene
642 1783 696 1866 qui
717 1805 848 1848 manum
869 1804 1016 1868 rapacem

266 1869 420 1934 Mandata
442 1866 521 1933 mihi
544 1867 689 1932 contines
711 1868 751 1932 ab
772 1867 882 1933 borio:

266 1953 335 2017 Iam
356 1955 494 2038 primurn
516 1955 616 2017 stator
637 1951 690 2016 hie
711 1951 901 2018 libidinosus
1223 1999 1224 2084 ,

267 2038 411 2102 Alternis
432 2036 571 2102 ineundo
595 2039 627 2100 ei
649 2035 792 2100 exeundo

236 2121 365 2186 ePorbe
385 2123 418 2186 ie
439 2120 536 2187 faciet
556 2120 777 2205 patentiorem.

267 2205 432 2270 Aeeedenb
453 2205 531 2287 du0,
554 2205 608 2288 qui
630 2206 713 2269 laius
735 2208 879 2291 buentur,

267 2289 381 2353 Pulere
402 2289 579 2374 pensilibus
600 2290 760 2372 peeuliabi.

271 2372 332 2450 Qui
355 2395 427 2438 eum
448 2376 481 2437 be
502 2374 585 2437 male
606 2372 747 2438 foderini
767 2376 939 2459 iacentem,

267 2459 320 2522 Ad
341 2461 466 2542 parbem
487 2457 593 2523 veniet
615 2458 703 2524 salax
725 2460 856 2545 asellus,

219 2556 252 2606 10
267 2542 343 2608 Nilo
366 2542 503 2609 deterius
524 2544 730 2610 mutuniatus.

269 2627 386 2711 Quare,
410 2628 464 2712 qui
486 2628 602 2712 sapiet,
624 2628 744 2694 malum
766 2628 905 2713 cavebis,

269 2711 350 2780 (ium
372 2716 498 2778 tanam
520 2713 600 2778 seiei
621 2735 690 2778 esse
710 2714 933 2779 mentularum.

638 2927 732 3004 ΜΠ.

269 3051 448 3120 Centenius
470 3051 596 3119 modico
618 3053 764 3120 Bacchus
787 3053 869 3119 selei
890 3072 959 3118 esse
980 3071 1119 3135 raeem0,

312 3136 392 3202 Cum
416 3138 545 3222 capiunt
567 3139 625 3204 alti
644 3140 699 3204 vix
721 3139 785 3204 ciba
805 3140 911 3203 musta
932 3137 1035 3222 laeus3

268 3219 449 3306 Magnaque
470 3222 616 3288 fecundis
638 3244 711 3288 eum
732 3223 887 3288 messibus
910 3243 982 3286 area
1005 3221 1094 3306 defii,

310 3305 350 3370 In
372 3304 496 3371 Cereris
519 3308 622 3370 crines
643 3329 708 3370 una
729 3327 848 3372 corona
869 3307 971 3372 datur.

236 3404 252 3454 ὁ
268 3389 316 3455 Tu
332 3409 465 3475 quoque,
482 3387 553 3454 dive
567 3390 682 3474 minor,
698 3391 855 3457 maiorum
875 3389 1020 3476 exempla
1035 3391 1165 3473 saeuius,

312 3473 463 3551 Quamvis
484 3493 588 3557 pauca
609 3473 735 3560 damus,
759 3477 889 3542 consule
910 3497 1007 3563 poma
1027 3464 1113 3542 boni.

612 3615 764 3626 -ο--ιυο
