2464 4020
203 261 265 310 xv1
580 248 794 326 0010οΑ010.

201 419 232 478 h.
249 436 274 477 0.
289 434 321 488 0,·
341 435 437 492 neque
459 417 532 476 alias
552 415 649 477 finalis
670 417 726 477 sibi
747 419 873 480 0000101.
903 417 981 478 'lum
1001 437 1057 494 pro
1072 435 1105 480 oe
1117 417 1158 477 vel

202 520 236 562 oe
250 521 286 560 ex
300 520 384 561 more
398 502 543 577 temporis
558 520 617 576 quo
633 503 784 562 eonfootus
799 504 846 560 001
859 502 936 561 liber
950 504 1063 578 legitur
1075 521 1090 562 e
1104 503 1157 561 sive

203 587 330 662 simplex
344 603 397 646 seu
412 585 544 645 oaudata.
570 585 607 646 In
621 585 891 662 praepositionibus
906 587 1108 646 adsimilandis
1120 585 1158 644 ni·

202 669 246 728 hil
260 669 328 729 fidei
343 688 397 730 ssu
410 670 595 731 constantiae
609 671 783 745 expeotaris.
831 675 835 683 '

265 755 315 813 Ad
334 773 484 816 summum
505 771 646 830 agnosess
667 753 823 813 librarium
838 772 874 813 ex
889 758 974 830 parte
990 756 1158 832 scripturam

202 839 273 898 libri
297 841 407 899 veteris
433 858 499 898 oum
520 837 578 896 fide
598 841 886 914 repraesentantem,
914 839 1045 899 sednon
1069 839 1158 898 rarius

202 924 327 982 eandem
342 924 389 982 sui
402 922 546 998 temporis
556 921 638 981 vitiis
652 925 883 997 permutantem.
896 923 960 982 Nos
975 943 1049 998 quas
1064 925 1157 998 aperte

202 1007 278 1066 falsa
297 1007 483 1080 viderentur,
506 1006 702 1079 correximus,
726 1025 800 1082 quae
823 1006 927 1080 dubia,
949 1010 1040 1082 prout
1056 1006 1158 1066 1001110

202 1094 288 1151 erant
302 1091 485 1166 reliquimus,
501 1109 539 1151 ne
554 1091 770 1150 inconstantiae
785 1091 905 1166 quidem
920 1091 1032 1150 orimen
1045 1090 1138 1151 veriti.

264 1174 383 1249 Reliqui
402 1178 502 1233 autem
522 1173 592 1232 libri
612 1177 732 1248 praeter
751 1192 800 1234 eos
816 1175 851 1232 de
867 1173 975 1249 quibus
989 1175 1074 1234 modo
1090 1173 1155 1231 dixi·

204 1277 271 1317 mus
286 1258 403 1316 etiamsi
417 1257 465 1316 hio
479 1258 542 1316 illio
556 1258 702 1332 praebent
715 1257 795 1332 quod
809 1257 842 1316 in
857 1258 991 1317 ordinem
1006 1259 1155 1319 verborum

202 1343 243 1401 sit
260 1341 476 1416 recipiendum,
502 1343 603 1400 tamen
629 1342 747 1418 longius
776 1359 826 1400 eos
847 1343 986 1417 persequi
1004 1343 1033 1401 h.
1055 1343 1075 1400 1.
1101 1357 1153 1400 000

202 1444 285 1500 opus.

264 1509 422 1568 Editorum
433 1508 585 1584 Propean
599 1509 771 1584 potissimos
787 1510 980 1568 enumerandi
995 1527 1111 1570 munere
1124 1507 1154 1563 01

202 1594 393 1669 supersedere
409 1593 501 1652 ferme
516 1593 628 1669 possim
642 1592 757 1652 faoinnt
769 1611 805 1651 ea
814 1611 890 1668 quae
906 1595 938 1652 in
950 1593 1060 1652 Catulli
1073 1594 1153 1668 inque

203 1677 315 1738 Tibulli
335 1677 568 1754 praefationibus
590 1677 793 1750 disseruimus,
814 1695 881 1736 oum
901 1677 1036 1754 plerique
1051 1678 1152 1736 eritieo·

201 1782 268 1820 rum
283 1762 328 1822 his
343 1762 454 1838 pariter
469 1764 557 1837 atque
571 1761 618 1819 illi
633 1780 753 1836 operam
768 1763 914 1836 navarint‚
930 1781 985 1822 neo
1000 1763 1060 1822 fere
1074 1780 1103 1821 se
1115 1758 1151 1816 di·

201 1866 303 1908 versos
317 1847 522 1923 praestiterint
536 1847 568 1904 in
589 1845 675 1904 libris
691 1845 885 1906 diversorum.
916 1845 1021 1922 Itaque
1036 1845 1152 1924 primurn

203 1931 425 1990 memorandam
462 1930 598 1990 existimo
634 1929 796 1988 editionem
824 1930 990 1990 Burmanni
1028 1927 1150 1994 Secund,

202 2033 277 2089 quae
292 2015 406 2075 duobus
427 2017 496 2092 post
516 2016 644 2074 mortem
658 2015 721 2073 eius
736 2013 820 2074 annis
836 2015 873 2073 ab
889 2015 983 2074 amieo
999 2016 1061 2075 eius
1075 2015 1104 2072 et
1115 2029 1151 2070 se·

203 2101 315 2157 statere
329 2098 491 2160 Laurentio
508 2097 649 2158 Sentenio
666 2097 800 2157 confecta
813 2099 845 2157 in
860 2099 956 2158 luoem
971 2099 1090 2174 prodiit.
1115 2095 1152 2153 Ba

201 2182 363 2241 virtutibus
378 2201 412 2242 00
425 2183 508 2243 vitiis
522 2183 637 2258 reliqua
651 2183 815 2242 Burmanni
830 2183 924 2242 refert
938 2202 1036 2259 opera.
1064 2179 1152 2240 Habes

137 2289 140 2294 ·
202 2265 244 2325 ibi
265 2267 440 2340 apparatum
461 2267 596 2324 eritioum
616 2285 652 2326 ex
674 2266 759 2325 libris
782 2285 849 2324 eum
864 2267 982 2342 seriptis
997 2271 1064 2326 tum
1077 2263 1151 2325 editis

202 2349 362 2409 conflatum
384 2349 455 2408 satis
476 2368 619 2424 magnum
641 2351 693 2410 sed
712 2368 809 2426 neque
830 2351 992 2426 descriptas
1014 2370 1079 2411 oum
1098 2346 1151 2408 dili·

202 2433 303 2513 gentio
322 2451 418 2510 neque
441 2432 581 2492 discretas
608 2437 676 2508 apte
697 2435 795 2510 eopias
816 2436 847 2495 et
871 2436 978 2510 quibus
999 2435 1152 2511 promiscue

201 2518 264 2576 fere
279 2520 390 2576 utatur.
419 2516 498 2576 Nem
512 2515 658 2576 Italorum
673 2519 918 2594 interpolationes
933 2521 998 2594 ipse
1006 2521 1057 2579 vix
1070 2513 1153 2592 000011

201 2604 354 2678 perspexit
375 2621 464 2677 quam
488 2600 663 2675 Sentenius,
690 2621 869 2678 quamquam
894 2606 1018 2679 potuere
1043 2602 1154 2662 meliora

202 2687 301 2746 doeeri
321 2707 338 2745 0
357 2685 481 2746 11100100
501 2685 625 2746 Heinsio
653 2689 684 2745 et
703 2685 828 2762 Iosepho
851 2687 1018 2763 Scalige103
1046 2687 1096 2748 sed
1118 2680 1154 2741 illi

201 2770 379 2847 ubicumque
400 2773 504 2846 scripti
525 2773 613 2846 atque
634 2770 706 2831 adeo
726 2771 839 2830 vetusti
860 2771 967 2831 oodieis
992 2769 1155 2832 auctoritate

201 2857 360 2918 lectionem
381 2857 510 2932 aliquam
531 2854 643 2913 firmari
663 2855 699 2914 ab
724 2854 791 2914 istis
816 2854 968 2928 audirent,
994 2855 1060 2931 ipso
1083 2849 1155 2930 quasi

202 2960 274 3001 sono
295 2941 456 3001 verborum
476 2941 651 3018 plerumque
672 2937 830 2998 mirificum
848 2939 879 2998 in
908 2939 1031 2998 modum
1055 2932 1156 3014 imponi

202 3024 259 3082 sibi
280 3027 360 3100 passi
381 3028 459 3085 sunt.
487 3057 528 3067 —
556 3024 645 3096 Quasi
670 3041 741 3083 vero
761 3023 882 3084 intersit
909 3023 1076 3083 coniectura
1101 3017 1155 3078 heri

202 3126 241 3164 an
260 3111 401 3182 quattuor
421 3110 545 3169 saeculis
567 3111 635 3167 ante
657 3108 697 3166 011
717 3107 795 3166 faeta
810 3108 961 3184 autquasi
976 3102 1155 3182 hodiequein

201 3190 325 3248 testium
345 3191 402 3250 lide
424 3192 615 3268 expendenda
628 3209 770 3252 uumerus
785 3192 885 3268 potius
901 3211 991 3268 quam
1006 3189 1154 3251 auotoritas

202 3273 392 3348 respiciatur!

266 3357 462 3416 Extollendus
477 3361 580 3419 tamen
591 3361 779 3422 Burmannus
796 3379 830 3419 eo
845 3361 966 3420 nomine
981 3361 1061 3436 quod
1073 3353 1152 3434 pluri·

203 3461 260 3512 ma,
277 3444 311 3498 01
325 3443 462 3501 veterum
473 3441 654 3498 Batavorum
666 3445 810 3518 plerique,
822 3446 979 3518 poetarum
994 3445 1052 3502 fuit
1065 3439 1151 3500 100110-

202 3541 240 3584 00
255 3524 397 3593 imbutus,
421 3540 509 3595 quem
528 3523 624 3582 laudis
644 3525 768 3584 titulum
784 3544 818 3585 eo
833 3527 931 3586 minus
947 3527 1032 3585 decet
1046 3521 1151 3592 elevari,
