2468 4036
190 211 214 274 4
421 217 423 220 ·
605 211 750 270 11111111
1125 215 1171 288 [u.

254 377 317 444 Illa
337 376 406 441 viro
430 397 536 441 coram
557 379 653 440 nutus
676 374 821 440 conferre
842 373 991 459 loquaces

299 461 485 546 Blandaque
508 459 683 545 conpositis
705 460 821 525 abdere
842 461 940 524 verba
960 460 1059 525 notis.

255 545 325 612 Nec
340 547 435 610 docet
453 544 515 610 hoc
530 566 656 627 omnes,
677 543 733 608 sed
753 565 832 628 quos
847 565 906 608 nec
921 545 1039 609 inertia
1052 544 1172 610 tardat

298 631 367 697 Nec
388 633 478 696 vetat
499 630 634 694 obscura
655 649 785 714 surgere
806 632 901 694 nocte
923 629 1030 694 timor,

254 715 308 780 En
329 736 389 802 ego
413 737 485 780 oum
505 713 645 779 tenebris
667 711 739 777 tota
758 734 858 798 vagor
879 713 994 778 anxius
1014 713 1122 798 urbe,

205 897 239 948 25
253 885 323 952 Nec
345 885 423 949 sinit
444 885 589 950 occurrat
610 883 794 966 quisquam,
817 882 872 967 qui
894 903 1028 966 corpora
1048 882 1148 947 ferro

297 969 453 1034 Vulnerat
474 971 529 1032 aut
549 970 641 1052 rapta
660 967 801 1051 praemia
821 969 909 1032 veste
930 969 1030 1051 petat.

256 1053 405 1137 Quisquis
428 1075 534 1117 amore
555 1054 696 1134 tenetur,
719 1055 772 1114 cat
793 1053 942 1136 tutusque
965 1071 1129 1136 sacerque

298 1137 463 1213 Qualibet:
485 1136 619 1201 insidias
640 1157 708 1200 11011
729 1136 874 1201 timuisse
896 1132 995 1201 decet

254 1220 331 1286 Non
353 1221 433 1284 mihi
453 1221 546 1306 pigra
566 1223 683 1285 nocent
704 1219 857 1284 hibernae
878 1220 1002 1306 frigora
1022 1221 1155 1304 noctis,

208 1318 242 1368 80
298 1305 330 1370 N
332 1325 374 1368 on
395 1304 490 1388 mihi,
513 1327 585 1369 cum
606 1305 707 1369 multa
728 1305 846 1369 decidit
865 1304 968 1369 imber
989 1326 1084 1389 aqua.

257 1389 334 1456 Non
356 1389 446 1453 labor
467 1388 521 1454 hic
542 1389 655 1472 laedit,
677 1392 796 1454 reseret
816 1388 912 1453 modo
934 1388 1028 1454 Delia
1049 1391 1168 1475 postes

299 1473 344 1538 Et
364 1476 457 1548 uocet
479 1474 519 1538 ad
541 1475 635 1559 digiti
656 1496 707 1538 me
728 1475 888 1538 taciturna
910 1495 1034 1539 sonum.

256 1557 382 1623 Parcite
403 1558 591 1642 luminibus,
616 1581 671 1623 seu
693 1558 742 1623 vir
763 1581 819 1624 seu
839 1558 960 1623 femina
980 1559 1038 1621 fiat

301 1643 419 1708 Obvia:
444 1644 540 1708 celari
561 1643 629 1707 volt
650 1664 707 1707 sua
727 1643 814 1706 furta
834 1643 953 1708 Venus.

208 1740 242 1790 11
256 1727 329 1794 Neu
345 1729 479 1812 strepitu
499 1730 613 1792 terrete
628 1728 758 1811 pedum,
780 1749 845 1793 11111
864 1727 1004 1812 quaerite
1024 1748 1166 1810 nomen,

301 1813 374 1878 Neu
394 1835 494 1896 prope
515 1812 654 1897 fulgenti
675 1812 797 1876 lumina
817 1813 898 1876 ferte
920 1811 999 1876 face.

256 1897 362 2048 Siunis
385 1900 421 1981 et
438 1897 611 1982 inprudens
633 1897 805 1980 aspexerit,
818 1896 954 1994 ‘occulat
975 1897 1030 1961 ille

255 1982 465 2130 1111111
466 2003 658 2151 {tetulit
672 1983 1163 2162 ttqttsstttttttnan

207 2161 242 2212 to
297 2149 330 2213 Is
352 2148 509 2215 Venerem
532 2173 549 2214 e
569 2150 681 2214 rabido
704 2151 821 2214 sentiet
842 2171 911 2215 csse
932 2171 1022 2214 111111.

256 2232 326 2299 1111
337 2235 446 2298 tamen
461 2234 536 2299 huic
546 2235 653 2300 credet
664 2235 803 2300 coniunx
817 2237 906 2317 tuus,
921 2237 958 2298 ut
970 2233 1053 2298 mihi
1063 2254 1164 2300 verax

299 2316 481 2382 Pollicitast
500 2320 624 2404 magico
647 2341 725 2404 saga
745 2319 932 2383 ministerio

256 2401 351 2466 Hanc
374 2423 433 2486 ego
456 2403 494 2466 dc
517 2405 604 2467 caelo
628 2403 794 2468 dueentem
816 2404 919 2468 sidera
939 2402 1018 2486 vidi,

300 2485 457 2550 Fluminis
479 2485 557 2551 haec
579 2489 682 2572 rapidi
705 2490 843 2553 carmine
864 2488 961 2553 vertit
982 2489 1058 2570 iter,

209 2582 242 2635 ta
256 2571 345 2635 Haec
368 2575 465 2636 cantu
485 2571 640 2655 finditque
662 2574 765 2637 solum
787 2573 960 2656 Manesque
982 2572 1141 2657 sepulcris

298 2655 397 2720 Elicit
418 2659 451 2720 et
471 2657 580 2740 tepido
603 2657 735 2722 devocat
757 2680 829 2722 ossa
849 2679 948 2742 rogo:

257 2739 327 2806 Iam
348 2744 437 2805 tenet
457 2741 599 2806 infernas
621 2743 746 2827 magico
770 2743 905 2806 stridore
927 2744 1085 2826 catervas,

298 2825 367 2891 Iam
389 2827 477 2890 iubet
498 2827 662 2911 adspersas
684 2827 766 2890 lactc
788 2827 905 2892 referre
926 2825 1050 2911 pedem.

258 2910 339 2976 (lum
361 2911 453 2994 libet,
475 2911 554 2976 haec
575 2911 660 2976 tristi
682 2911 813 2995 depellit
836 2911 948 2976 nubila
969 2909 1073 2975 caelo:

207 3005 242 3056 10
299 2995 380 3060 Oum
402 2997 496 3079 libet,
519 2997 639 3062 aestivo
662 2998 817 3061 convocat
839 2996 915 3060 orbe
935 2995 1035 3059 nives.

258 3077 333 3142 Sola
353 3083 461 3144 tenere
483 3083 582 3144 malas
604 3081 734 3146 Medeae
758 3080 872 3145 dicitur
893 3080 1024 3162 herbas,

300 3161 377 3226 Sola
396 3163 482 3227 faros
497 3165 638 3230 Hecatae
658 3165 876 3250 perdomuisse
898 3179 1003 3228 canes

258 3245 348 3312 Haeo
369 3247 450 3310 mihi
472 3250 641 3333 conposuit
663 3255 789 3334 cantus,
813 3249 882 3334 quis
896 3249 1009 3312 fallere
1029 3269 1159 3332 posses:

300 3329 362 3394 Ter
384 3351 477 3415 cane,
500 3335 549 3396 ter
571 3334 664 3398 dictis
687 3335 804 3418 despue
826 3333 1029 3399 carminibus.

208 3414 418 3480 1111111111]
440 3417 559 3499 poterit
580 3416 618 3479 de
639 3417 732 3481 nobis
756 3419 881 3484 credere
904 3418 1066 3501 cuiquam,

299 3500 376 3568 Non
398 3500 474 3584 sibi,
497 3500 525 3564 si
545 3500 580 3564 in
601 3501 692 3566 molli
712 3503 827 3566 viderit
847 3503 916 3588 ipsc
937 3505 1019 3565 toro.
