2476 4018
97 255 161 328 111]
485 245 593 300 LIBER
614 247 664 304 111.

132 404 314 472 Daedalium
335 405 402 470 lino
426 429 499 472 cum
522 407 601 472 duce
622 408 705 473 rexit
726 409 802 493 iter,

99 489 209 566 Quanta
230 513 291 576 ego
312 493 485 576 praeterita
508 491 625 576 collegi
646 492 764 576 gaudia
784 497 894 560 nocte:

133 573 309 640 Inmortalis
331 597 402 660 erc,
425 575 453 640 si
476 575 575 639 altera
595 575 670 639 talis
692 577 761 641 erit.
1017 591 1050 641 10

99 658 138 722 At
156 659 226 723 dum
247 659 395 724 demissis
417 661 551 744 supplex
573 660 747 726 cervicibus
769 661 855 725 ibam
861 711 871 745 ‚

134 741 263 808 Dicebat
285 745 370 808 sicco
393 744 487 809 vilior
509 765 578 808 esse
600 745 680 810 lacu.

99 825 158 892 Nec
177 827 255 892 mihi
276 829 341 892 iam
361 829 464 892 festus
487 849 648 912 opponere
671 829 794 914 quaerit
814 829 957 914 iniquos,

133 911 195 976 Nec
215 912 296 976 mihi
317 913 458 996 ploranti
479 914 566 976 lenta
587 913 696 978 sedere
717 916 835 998 potest.

100 995 192 1080 Atque
213 998 337 1061 utinam
357 1018 425 1061 non
446 1000 513 1062 tam
535 1017 605 1061 sero
627 997 708 1061 mihi
728 1001 806 1062 nota
828 997 942 1062 fuisset
1016 1007 1049 1060 15

135 1079 297 1147 Condicio!
321 1081 421 1146 cineri
440 1101 527 1146 nunc
549 1081 708 1146 medicina
730 1082 830 1146 datur.

100 1164 172 1230 Ante
191 1167 288 1250 pedes
312 1166 413 1231 caecis
435 1166 562 1230 lucebat
583 1166 696 1230 semita
716 1166 828 1231 nobis:

134 1247 258 1314 Scilicet
278 1250 391 1314 insano
413 1272 507 1314 nemo
530 1250 565 1314 in
587 1271 695 1316 amore
715 1251 811 1316 videt.

99 1329 160 1398 Hoc
181 1335 267 1400 sensi
287 1333 438 1418 prodesse
460 1335 578 1420 magis:
600 1337 810 1418 contemnite,
833 1339 993 1401 amantest

133 1418 182 1483 Sic
202 1419 298 1483 hodie
319 1420 441 1501 veniet,
463 1419 553 1502 siqua
574 1421 704 1504 negavit
725 1419 803 1484 heri.
1016 1433 1051 1480 20

99 1499 263 1573 Pulsabant
285 1503 340 1566 alii
361 1505 480 1567 frustra
502 1503 724 1586 dominamque
746 1504 917 1569 vocabant:

132 1587 256 1652 Mecum
276 1587 390 1652 habuit
410 1588 549 1671 positum
573 1587 662 1650 lenta
682 1586 790 1670 puella
812 1591 916 1670 ceput.

98 1669 176 1738 Haec
196 1673 277 1736 mihi
299 1673 430 1737 devictis
452 1672 559 1757 potior
580 1672 715 1735 victoria
736 1671 878 1755 Parthis,

132 1755 217 1823 Haec
232 1757 349 1842 spolia,
372 1755 451 1820 haec
469 1778 561 1841 reges
567 1805 576 1838 ‚
599 1754 679 1822 haec
693 1755 773 1819 mihi
788 1777 898 1820 currus
913 1757 1014 1819 crunt.

98 1838 127 1903 M
164 1903 165 1906 ,
188 1864 208 1907 a
229 1863 289 1926 ego
313 1841 397 1905 dona
417 1845 472 1905 tua
493 1841 600 1926 figam,
624 1838 791 1923 Cytherea,
817 1841 975 1923 columna,
1018 1850 1050 1900 25

160 1927 270 2010 elequc
291 1926 350 1990 sub
371 1929 483 1990 nostro
505 1925 635 1989 nomine
658 1947 785 1988 carmen
806 1924 881 1988 erit:

100 2007 174 2076 ‘Has
194 2032 281 2095 pono
303 2013 377 2074 ante
399 2014 469 2074 tuas
493 2009 561 2093 tibi,
585 2009 665 2092 diva,
688 2009 872 2092 Propertius
895 2007 988 2072 aedes

28 2097 30 2124 ³
134 2093 279 2178 Exuvias,
302 2097 371 2158 tota
391 2099 486 2159 nocte
508 2097 653 2177 receptus
676 2101 809 2158 amans?

99 2175 184 2244 Nunc
206 2180 246 2244 ad
267 2184 310 2262 te,
332 2201 404 2243 mea
425 2180 488 2263 lux,
513 2180 622 2244 veniat
644 2200 713 2242 mea
735 2178 843 2243 littore
864 2177 956 2244 nevis

136 2263 276 2330 Servata:
299 2285 341 2328 an
361 2264 474 2328 mediis
499 2263 582 2328 sidat
602 2262 742 2327 honusta
763 2263 874 2327 vadis?
1017 2272 1054 2324 80

101 2345 231 2422 Quodsi
253 2349 337 2413 sorte
359 2349 464 2432 aliqua
484 2349 578 2412 nobis
600 2349 762 2413 mutabere
785 2349 893 2434 culpa,

28 2473 29 2478 1
135 2433 334 2499 Vestibulum
356 2434 476 2498 iaceam
501 2436 645 2498 mortuus
668 2437 742 2498 ente
763 2436 863 2498 tuum.

495 2565 645 2578 ——q

469 2649 538 2721 vn
565 2649 673 2741 [11].

101 2769 124 2835 0
142 2795 192 2838 1111
212 2773 353 2838 felicem!
379 2794 398 2836 o
420 2794 485 2836 nox
506 2771 587 2836 mihi
608 2768 751 2850 candida,
774 2770 807 2830 et
828 2787 847 2830 o
867 2769 905 2830 111

135 2857 262 2924 Lectule
285 2857 406 2923 deliciis
427 2858 513 2921 facte
534 2856 626 2920 beate
648 2854 743 2918 meis!

28 2975 30 3014 ;
100 2937 193 3016 Quam
214 2943 316 3007 multa
337 2941 484 3026 adposita
504 2962 670 3005 narramus
694 2937 789 3003 verba
809 2935 953 3019 lucerna,

28 3087 30 3102 ,
136 3026 320 3110 Quantaque
342 3028 467 3091 sublato
489 3026 609 3091 lumine
631 3025 699 3088 rixa
720 3021 796 3085 fuit!

28 3109 29 3184 l
97 3107 174 3175 Nam
194 3113 291 3176 modo
313 3111 441 3176 nudatis
462 3112 619 3175 mecumst
641 3108 761 3171 luctata
781 3103 929 3188 popillio,
1037 3111 1054 3168 5

28 3247 29 3268 ,
134 3195 298 3261 Interdum
319 3196 429 3260 tunica
450 3196 541 3260 duxit
562 3196 672 3277 operta
693 3211 824 3255 moram.

98 3275 153 3343 Illa
173 3303 263 3346 meos
285 3302 398 3345 somno
420 3282 528 3365 lapsos
550 3277 701 3363 patefecit
723 3275 841 3339 ocellos

136 3364 197 3430 Ore
220 3387 278 3430 suo
301 3370 334 3429 et
355 3365 436 3429 dixit
458 3371 584 3446 ‘sicine7
607 3363 701 3441 lente,
724 3359 850 3426 ieccsl’

100 3445 195 3522 Quam
217 3451 304 3515 vario
328 3453 475 3535 amplexu
495 3453 655 3514 mutamus
676 3446 820 3511 brachia!
844 3443 997 3526 quantum

137 3535 252 3602 Oscula
273 3541 350 3604 sunt
371 3536 468 3601 labris
490 3539 601 3600 nostra
622 3534 746 3613 morata
767 3530 846 3610 tuis!
1021 3535 1054 3586 10
