2470 4010
183 201 227 269 54
592 205 745 262 curvum
766 177 770 182 ’
1044 209 1151 281 [xxxi.

248 370 328 436 Fixa
349 391 467 436 corona
484 370 583 455 forci,
606 371 662 434 sed
682 392 743 435 nos
766 391 891 455 quoque
912 369 1108 455 fulgeremus

290 453 433 519 Devotae
454 455 529 519 flavi
550 455 678 520 verticis
701 457 846 538 exuviae,

247 538 419 604 Vvidulam
441 562 460 604 a
480 540 557 605 fletu
579 537 745 604 cedentem
768 539 807 602 ad
829 541 949 623 templa
971 539 1066 604 deum
1088 561 1140 604 me

292 623 385 688 Sidus
406 625 441 688 in
462 625 601 707 antiquis
624 624 696 687 diva
716 645 834 688 novom
855 625 977 707 posuit:

204 722 236 772 65
251 708 395 794 Virginis
418 711 451 772 et
471 709 558 772 saevi
580 707 770 793 contingens
790 729 929 791 namque
950 707 1068 774 Leonis
1102 733 1108 742 ·

291 791 441 876 Lumina,
465 792 598 857 Callisto
625 794 733 857 iuncta
754 792 949 875 Lycaoniae,

248 877 368 943 Verior
388 878 423 940 in
445 898 608 960 occasum,
630 877 757 940 sardum
780 877 844 940 dux
865 881 939 941 aute
961 875 1105 962 Booten,

293 961 355 1037 Qui
375 961 429 1024 vix
452 983 522 1025 sero
545 962 609 1026 alto
632 962 788 1046 mergi’our
810 961 948 1026 Oceano.

251 1045 314 1112 Sed
347 1067 537 1129 quamquam
562 1067 613 1110 me
642 1050 737 1110 nocte
765 1049 915 1130 premuni
943 1046 1081 1131 vestigia
1111 1047 1154 1110 di-

795 1152 884 1214 vom,

201 1229 236 1279 '10
291 1215 361 1280 Lux
383 1218 488 1280 audem
511 1237 609 1280 canae
631 1216 746 1299 Tethyi
768 1215 922 1298 restituit,

253 1300 349 1386 (Pace
370 1303 426 1364 'oua
447 1301 508 1365 fari
529 1299 581 1364 hio
603 1300 713 1383 liceat,
736 1299 933 1364 Rhamnusia
953 1301 1061 1386 virgo,

293 1384 438 1468 Namque
461 1407 521 1470 ego
543 1405 610 1448 non
631 1386 697 1448 ullo
720 1406 794 1448 vera
815 1386 929 1448 iimore
950 1388 1079 1471 degam,

251 1469 320 1534 Nec
343 1469 370 1533 si
392 1491 443 1532 me
464 1469 590 1534 infestis
613 1467 795 1553 discerpent
817 1468 920 1533 sidera
942 1469 1052 1554 dioiis,

295 1551 433 1618 Condita
455 1555 532 1637 quin
552 1554 638 1618 verei
659 1554 797 1637 pectoris
821 1554 995 1639 evoluam):

203 1649 236 1700 '15
250 1636 283 1703 N
284 1659 327 1702 on
340 1636 392 1701 his
406 1641 473 1702 tam
488 1638 590 1702 laetor
603 1639 712 1721 rebuS,
734 1660 830 1720 quam
843 1660 894 1702 me
910 1639 996 1702 afore
1013 1661 1155 1724 semper,

294 1721 393 1787 Afore
415 1743 466 1786 me
489 1745 508 1786 a
530 1722 676 1786 dominae
698 1722 815 1786 vertice
838 1723 1025 1805 discrucior,

252 1807 387 1883 Quicum
410 1829 485 1894 ego,
516 1807 590 1870 dum
612 1808 703 1891 virgo
727 1807 810 1870 curis
837 1807 899 1871 fuit
926 1808 1077 1871 omnibus
1107 1831 1156 1872 ex-

820 1913 869 1954 ers

294 1975 460 2060 Vnguemi
482 1975 584 2041 surra
606 1977 695 2039 mura
716 1913 817 2038 aadJ
837 1941 913 2040 arii.

252 2059 348 2125 Nunc
369 2081 426 2123 vos
433 2108 441 2141 ,
465 2063 574 2144 optato
598 2082 694 2143 quom
715 2060 819 2123 iunxit
841 2061 960 2124 lumine
981 2061 1092 2145 taeda,

203 2156 238 2206 80
294 2143 369 2208 Non
389 2145 478 2226 prius
499 2145 660 2208 unanimis
683 2165 816 2228 corpora
838 2144 1027 2229 coniugibus

252 2226 382 2291 ¹l‘radiie
402 2227 559 2291 nudantes
580 2230 698 2293 reiecta
720 2231 808 2292 veste
828 2229 980 2312 papillae,

296 2311 398 2387 Quam
419 2311 555 2376 iocunda
576 2313 656 2377 mihi
677 2335 809 2378 munera
830 2313 909 2377 libet
930 2335 1029 2396 onyx,

252 2395 370 2460 Vosder
392 2417 493 2480 onyx,
516 2399 603 2460 casio
625 2399 734 2481 peusis
757 2419 837 2481 quae
857 2399 928 2462 iura
950 2398 1056 2462 cubili.

296 2479 359 2545 Sed
380 2502 459 2564 quae
482 2503 515 2546 se
537 2481 651 2565 inpuro
674 2482 762 2546 dedit
782 2481 953 2566 adulterio,

204 2577 238 2628 85
252 2564 343 2629 Illius
365 2566 488 2630 amala
511 2566 594 2630 dona
615 2567 693 2630 levis
715 2567 805 2630 bibat
825 2567 917 2631 irrita
936 2567 1059 2650 pulvis:

295 2649 442 2733 Namque
465 2673 524 2736 ego
547 2651 586 2714 ab
608 2651 750 2736 indignis
771 2651 912 2735 praemia
932 2652 1023 2715 nulla
1043 2655 1136 2734 peto.

253 2734 316 2801 Sed
336 2736 440 2820 magis
447 2785 456 2819 ,
481 2758 499 2799 o
521 2737 655 2818 nuptae,
678 2757 802 2817 semper
825 2735 995 2800 concordia
1016 2740 1147 2802 vostras

296 2819 428 2904 Semper
449 2840 539 2883 amor
560 2819 650 2883 sedes
672 2821 792 2884 incolat
813 2820 970 2884 adsiduos.

252 2903 302 2968 Tu
323 2926 413 2987 ver0,
436 2905 561 2990 regina,
584 2905 677 2966 cuens
701 2926 773 2968 cum
795 2905 899 2969 sidera
920 2904 1027 2969 divam

204 3000 238 3049 90
294 2987 440 3053 Placabis
462 2989 553 3054 festis
574 2988 746 3052 luminibus
768 2988 940 3072 Venerem,

253 3069 414 3154 Vnguinis
437 3076 598 3157 expertem
619 3095 686 3136 non
708 3073 779 3136 siris
802 3095 870 3138 esse
891 3076 979 3137 tuam
1000 3095 1069 3158 me,

297 3153 359 3218 Sed
380 3157 486 3238 potius
509 3157 607 3242 largis
630 3157 727 3220 adfice
749 3157 942 3222 muneribus.

254 3236 364 3304 Sidera
386 3244 569 3304 corruerem
590 3242 726 3305 utinam!
751 3263 841 3306 coma
862 3242 951 3326 regia
972 3242 1063 3307 fiam:

296 3319 463 3386 Proximus
484 3324 669 3406 Hydrochoi
691 3325 829 3409 fulgeret
851 3326 985 3390 Oarion!
