2470 4010
613 220 766 278 CATVLLI

620 387 751 461 xxxi.
771 332 796 382 ”²

268 511 548 593 Paeninsularum,
572 509 704 593 Sirmi0,
726 511 967 594 insularumque

270 596 392 680 Ocelle,
415 617 627 679 quascumque
648 595 683 658 in
705 594 897 678 liquentibus
921 594 1045 679 stagnis

269 679 412 764 Matique
434 684 525 745 vasto
549 679 610 744 lert
631 682 763 763 uterque
784 678 967 762 Neptunus,

268 764 371 839 Quam
391 768 424 829 te
445 764 582 829 libenter
603 784 759 846 quamque
781 763 884 827 laetus
905 764 1026 844 inviso,

220 860 237 911 5
270 847 334 914 Vix
355 849 400 912 mi
422 850 490 932 ipse
513 847 644 912 credens
666 846 824 931 Thyniam
847 849 940 929 atque
961 845 1127 930 Bithynos

269 933 413 1016 liquisse
436 953 564 1016 campos
587 935 620 996 et
640 931 747 995 videre
768 934 801 996 te
823 931 858 995 in
879 933 959 994 tuto.

271 1017 297 1081 0
321 1017 396 1100 quid
419 1016 531 1080 solutis
554 1017 602 1080 est
623 1015 747 1080 beatius
771 1017 871 1098 curis,

271 1101 352 1166 Oum
372 1122 463 1164 mens
486 1123 565 1164 onus
587 1101 729 1184 reponit,
752 1121 789 1164 ac
810 1101 980 1185 peregrino

269 1184 393 1250 Labore
414 1185 491 1249 fessi
513 1185 657 1249 venimus
679 1185 779 1248 larem
801 1184 841 1248 ad
862 1187 1008 1248 nostrum

207 1281 241 1334 10
269 1269 516 1353 Desideratoque
539 1269 767 1352 acquiescimus
789 1269 882 1333 lecto.

270 1353 341 1418 Hoc
364 1359 426 1436 est,
450 1353 533 1437 quod
556 1355 685 1417 unumst
705 1375 764 1437 pro
786 1353 949 1418 laboribus
970 1353 1083 1420 tantis.

271 1438 378 1521 Salve,
401 1459 420 1501 o
442 1443 576 1502 venusta
599 1437 730 1519 Sirmio,
753 1442 847 1520 atque
870 1459 923 1501 ero
946 1438 1066 1522 gaude:

272 1521 413 1586 Gaudete
435 1543 569 1605 vosque,
593 1543 611 1586 o
633 1521 754 1586 Libuae
776 1522 863 1586 lacus
885 1522 1004 1586 undae:

268 1604 400 1689 Ridete,
427 1606 578 1689 quidquid
601 1609 650 1670 est
671 1605 758 1670 domi
780 1606 1018 1670 cachinnorum.

612 1745 765 1759 u———a--q

611 1847 759 1920 XXXII.

359 1971 500 2053 Amabo,
523 1992 593 2034 mea
615 1971 715 2035 dulcis
737 1969 912 2054 Ipsithilla,

359 2055 451 2118 Meae
474 2055 621 2138 deliciae,
644 2056 706 2119 mei
728 2057 866 2138 leporeS,

359 2136 438 2202 Iube
461 2137 501 2200 ad
523 2141 554 2201 te
576 2140 702 2203 veniam
724 2139 934 2204 meridiatum.

359 2221 404 2285 Et
426 2221 453 2285 si
474 2223 603 2286 iusseris
625 2223 717 2306 illud,
741 2224 904 2305 adiuveto,

360 2303 482 2389 Nequis
504 2306 624 2370 liminis
646 2309 773 2373 obseret
793 2308 958 2389 tabellam,

359 2388 432 2454 Neu
453 2389 513 2454 tibi
535 2390 643 2455 lubeat
663 2393 749 2458 foras
772 2393 873 2476 abire,

361 2473 424 2538 Sed
446 2475 532 2539 domi
552 2497 682 2541 maneas
703 2498 857 2561 paresque
878 2477 971 2540 nobis

360 2558 485 2623 Novem
507 2561 674 2624 continuas
696 2562 880 2625 fututiones.

359 2641 495 2730 Verum,
518 2644 622 2728 siquid
644 2667 733 2730 ages,
757 2646 866 2709 statim
887 2645 1010 2708 iubeto:

357 2726 442 2793 Nam
463 2751 599 2812 prensus
620 2731 709 2794 iaceo
732 2733 765 2794 et
786 2733 873 2794 satur
894 2729 1027 2813 supinus

359 2811 521 2878 Pertundo
543 2814 745 2898 tunicamque
766 2814 972 2898 palliumque.

613 2954 766 2964 ..ιι-

604 3045 770 3118 ΧΧΧΠΙ.

361 3168 388 3231 0
411 3169 516 3231 furum
538 3169 658 3252 optime
679 3168 915 3233 balnearionim

360 3250 501 3314 Vibenni
522 3256 626 3335 pater,
650 3255 682 3316 et
705 3253 833 3318 cinaede
855 3253 918 3336 fili,

362 3334 462 3480 &Nam
485 3334 594 3397 dextra
615 3339 708 3418 pater
728 3338 958 3433 inquinatiore,

390 3417 442 3480 ulo
464 3416 548 3480 filius
571 3421 620 3480 est
640 3423 817 3505 vorac1ore)

219 3513 239 3561 t
359 3499 423 3564 Cur
444 3520 512 3564 non
534 3501 663 3565 exilium
684 3503 845 3586 malasque
866 3505 902 3567 in
924 3523 996 3568 oras
