2476 4018
207 239 231 288 ι,
574 225 788 283 PRAEFATIO.

207 393 353 471 quosdam
364 394 542 470 scriptorum
556 412 618 454 non
633 395 753 454 omuino
766 395 916 472 integram
929 395 1050 457 labente
1064 398 1170 472 princi-

205 479 269 554 pali
283 478 461 554 quarente,
488 477 536 540 Ite
550 479 587 537 ab
602 477 707 537 eodem
721 479 877 554 Propertio
892 479 925 538 id
938 476 1020 554 quod
1033 484 1081 540 661
1092 483 1170 552 fiodo

206 561 327 622 videtur
341 581 405 624 esse
419 561 585 624 adhibitum
600 561 729 622 trochaei
740 563 844 622 instar.
860 562 973 622 Eadem
984 566 1169 624 excusatione

207 647 385 722 mitigantur
409 665 446 706 ex
470 646 633 723 propositis
660 665 750 721 supra
773 647 828 704 illa
853 647 952 708 ‘credo
977 649 1046 723 ego?
1074 649 1169 708 ‘nemo

209 731 292 789 edeo’
310 735 393 806 ‘ergo
409 731 477 808 ego’
494 730 583 791 ‘flebo
598 730 666 806 ego'
686 729 763 789 ‘iuro
778 729 845 807 ego'
862 729 937 789 ‘celo
952 734 1032 806 ego’.
1047 731 1170 806 Reliqua

208 815 308 874 autem
327 816 463 890 exempla
482 832 606 875 evenere
627 814 724 873 autin
743 814 880 876 formulis
894 815 1056 876 verborum
1068 817 1168 890 quales

208 903 279 958 sunt
293 899 367 959 ‘vidi
381 899 449 976 ego'
465 897 564 957 ‘credo
575 900 643 973 ego'
660 897 722 958 ‘odi
737 899 805 974 ego’
823 897 896 960 ‘dixi
910 901 978 974 ego'
994 900 1090 960 ‘sensi
1104 899 1167 974 ego’

208 983 359 1059 ‘respondi
370 984 438 1060 ego'
452 982 563 1058 ubique
575 984 610 1040 ut
618 981 701 1042 vides
714 984 856 1057 sequente
866 982 1044 1056 pronomine
1059 984 1168 1058 primae

206 1085 353 1143 personae
374 1070 426 1126 aut
444 1065 561 1128 iniectis
576 1065 748 1126 nominibus
762 1067 892 1141 propriis
915 1064 985 1126 ‘Ino
1000 1067 1109 1128 etiam'
1131 1067 1169 1124 ‘et

206 1151 322 1210 Baccho
342 1153 374 1209 et
392 1149 534 1226 Apolline
555 1149 686 1211 dextro'.
729 1149 865 1226 Apparet
883 1151 944 1212 iam
968 1152 1084 1225 quanta
1107 1169 1167 1209 oum

209 1253 280 1292 cura
301 1235 441 1306 elisiones
466 1235 534 1294 11166
559 1233 729 1292 adhibuerit
751 1233 935 1310 Propertius,
961 1251 1054 1309 quem
1078 1252 1166 1310 neque

206 1317 283 1377 illud
297 1318 449 1392 scripsisse
466 1313 514 1395 [V,
529 1320 555 1388 1,
569 1312 621 1394 36]
638 1314 704 1375 ‘hac
718 1309 912 1377 ubi'Fidenas
925 1318 1019 1394 longe
1031 1321 1098 1378 erat
1110 1321 1166 1376 erat

206 1402 266 1460 isse
286 1402 347 1461 uie'
368 1402 399 1460 et
417 1401 516 1460 minus
536 1401 626 1460 etiarn
650 1396 716 1478 [1Π,
732 1401 783 1473 32,
799 1397 830 1480 5]
853 1400 954 1461 ‘curve
968 1404 1000 1460 te
1013 1402 1048 1462 in
1060 1402 1165 1462 Hercu-

207 1485 299 1546 leum'
315 1504 405 1561 supra
420 1485 676 1561 comprobavimus.

269 1569 353 1629 idem
382 1569 560 1645 aliquotiens
584 1567 711 1628 iambica
738 1569 826 1629 elidit
852 1571 1029 1645 insequente
1058 1571 1165 1646 syllaba

208 1656 306 1730 gravi,
332 1672 387 1714 nec
407 1655 506 1714 minus
526 1652 689 1728 spondiaca
711 1653 885 1714 succedente
912 1656 1006 1712 acuta
1047 1649 1163 1714 Voc‘elas

209 1737 337 1799 Graecae
352 1731 502 1798 elisae'bis
517 1738 549 1796 in
564 1737 693 1796 carmine
709 1737 857 1811 281,ΙΠ,
878 1755 926 1797 vu.
945 1739 983 1796 19
998 1739 1085 1798 6123
1105 1737 1162 1796 ‘Ino

209 1823 313 1882 etiam’
336 1820 472 1882 ‘Callisto
486 1820 657 1894 Arcadios'3
673 1823 835 1895 praeterea,
856 1824 892 1880 ut
904 1820 1032 1894 videtur,
1048 1820 1103 1894 ΙΠ,
1119 1822 1161 1890 28,

210 1907 259 1966 54.
282 1905 376 1966 1111616
397 1906 428 1965 16
447 1905 545 1981 prima
564 1904 680 1981 syllaba
700 1905 789 1970 metri
805 1905 881 1964 etin
894 1906 1001 1964 ultima
1015 1903 1161 1980 Propertio

208 1991 379 2065 inprobata,
400 2007 455 2050 neo
469 1991 568 2050 minus
582 1990 677 2048 vitata
690 1989 797 2065 166366
811 1989 844 2058 in
857 1989 1030 2050 hexametro
1044 2009 1066 2046 a
1075 1988 1160 2064 quinti

208 2073 278 2134 inde
298 2074 382 2150 pedis
402 2075 494 2148 thesi,
521 2076 552 2134 61
573 2072 607 2134 in
631 2073 811 2149 pentametri
837 2073 963 2132 secundo
984 2072 1160 2134 hemistichio

208 2161 327 2234 praeter
340 2159 428 2217 illum
442 2177 562 2219 uersum
576 2157 633 2231 ΠΙ,
650 2158 699 2231 14,
715 2159 754 2216 10
769 2156 947 2223 ‘inmortalis
962 2154 1023 2231 ero,
1040 2158 1161 2217 61611616

211 2242 281 2302 talis
295 2241 374 2300 erit'.
404 2242 482 2301 Nam
497 2241 533 2301 de
547 2241 604 2313 ΠΙ,
622 2241 671 2314 14,
689 2241 805 2304 miani
817 2239 954 2302 vidimus.
972 2274 1009 2284 -
1029 2239 1161 2300 Similiter

209 2329 278 2402 post
296 2325 418 2385 tertiam
436 2325 500 2384 eius
519 2325 609 2384 metri
629 2325 709 2385 arsin
723 2325 959 2388 hebosuooelem
972 2324 1159 2392 imminutum,

211 2411 263 2470 sed
276 2409 400 2472 breuem
412 2407 437 2482 I,
449 2409 479 2480 5,
494 2409 535 2466 32
551 2407 665 2467 ‘desine
679 2424 744 2470 nou
756 2411 866 2484 inpune
879 2409 932 2468 illa
945 2411 1051 2485 163616
1064 2406 1159 2474 venit,

210 2493 282 2568 IHI,
299 2494 349 2566 22,
365 2495 407 2554 10
427 2491 577 2552 ‘Herculis
591 2489 756 2566 Antaeique
769 2493 1025 2568 Hesperidumque
1045 2489 1159 2551 choros?

210 2578 296 2638 Idem
311 2579 381 2652 post
395 2577 520 2636 alteram
533 2574 632 2636 thesin
646 2578 826 2651 pentametri
840 2577 939 2636 evenit
953 2595 1121 2652 numquam.

273 2661 381 2722 Hiatus
395 2664 443 2720 ter
456 2661 489 2721 in
503 2679 624 2722 caesura
634 2660 863 2736 penthemimeri
875 2660 988 2734 eccidit,
1002 2659 1161 2732 6611161611-

138 2793 142 2800 .
211 2749 279 2807 dem
295 2747 450 2811 accedente
464 2746 631 2812 imitatione
647 2743 956 2820 exempliVergiliaui,
971 2746 1006 2803 ut
1019 2746 1091 2819 puta
1103 2739 1163 2821 [ln

212 2835 261 2906 15,
281 2835 307 2892 l.
324 2831 373 2905 32,
390 2831 441 2892 45.
456 2829 527 2904 ΠΠ,
544 2832 573 2902 7,
589 2824 642 2907 49]

298 2935 314 2975 6
329 2935 378 2975 me
392 2914 510 2987 felicem,
526 2932 545 2974 6
558 2931 618 2972 nox
632 2911 705 2972 mibi
720 2913 844 2974 candida
858 2916 889 2973 et
903 2933 921 2973 o
935 2916 970 2972 tu

295 3001 366 3059 haee
381 2998 484 3058 eadem
498 3000 567 3060 ante
581 2997 664 3058 cmm
676 2997 788 3072 inpune
803 3000 834 3055 et
847 2997 956 3056 Lesbia
970 2997 1042 3058 fecit

297 3083 349 3142 sed
364 3081 437 3143 Ohio
451 3084 579 3144 11616666
593 3084 645 3142 661
660 3079 758 3141 Oricia
771 3081 950 3141 terebintho.

214 3164 314 3225 Semel
332 3166 414 3224 idem
435 3169 610 3228 observatur
628 3167 664 3226 in
675 3167 772 3241 prima
785 3165 863 3224 thesi
877 3164 1013 3226 vocabuli
1028 3163 1127 3223 cretici
1139 3163 1167 3220 et

213 3249 333 3326 quidem
348 3247 453 3310 Graeci
469 3247 553 3329 [IIIL
569 3252 619 3324 11,
636 3245 687 3329 17]

298 3330 484 3405 Omphalen
496 3336 615 3390 tantum
629 3333 742 3394 formae
756 3334 902 3408 processit
915 3334 1067 3392 honorem.

213 3418 251 3476 In
263 3414 420 3492 positionis
435 3433 510 3488 quae
524 3414 633 3472 dicitur
646 3415 713 3490 1636
727 3416 866 3475 violanda
875 3419 985 3490 quanto
1001 3416 1041 3475 sit
1054 3415 1168 3473 liberior

212 3499 388 3576 Propertius
398 3497 488 3557 Albio
504 3501 539 3556 ut
553 3496 782 3574 demonstretur,
792 3497 993 3574 sufficietipsa
1004 3499 1169 3573 apposuisse
