2468 4036
1020 1 1028 4 ·
1055 1 1133 14 —vv-

196 229 239 294 14
591 224 743 312 pann
1111 230 1173 302 [n.

302 395 392 460 Tunc
412 393 493 460 milri
513 413 581 458 non
602 393 703 457 oculis
725 391 769 458 sit
789 392 934 458 timuisse
954 391 1051 458 meis.

210 495 243 544 33
259 477 342 556 Quid
363 483 474 544 tenera
485 477 547 542 tibi
562 478 698 562 coniuge
714 477 816 576 opus?
838 481 895 542 tua
915 477 944 540 si
956 477 1050 540 bona
1064 479 1173 544 nescis

304 562 451 647 Servare,
472 563 593 628 frustm
614 560 711 626 313313
733 565 818 626 mest
837 560 970 625 foribus.

211 662 244 712 33
259 647 304 712 Te
325 651 430 730 tenet,
452 647 600 712 absentes
622 646 702 709 alios
725 647 864 742 suspirat
884 666 1010 710 amores

303 731 348 796 Et
369 732 497 796 simulat
518 729 623 794 subito
647 729 848 794 condoluisse
869 733 973 814 capnt

260 817 307 880 At
327 817 407 882 milri
428 814 616 880 servandam
638 814 763 878 credas:
783 836 852 879 non
873 835 967 878 saeva
987 837 1108 882 recuso

304 899 461 982 Verbera,
483 898 624 964 detrecto
645 920 714 962 non
735 919 795 996 ego
817 899 923 963 vincla
943 899 1076 982 pedum.

262 985 343 1050 Tum
387 984 476 1050 rocul
498 983 623 1066 absitis,
647 983 789 1066 quisquis
811 983 889 1048 colis
910 985 979 1048 orte
1002 985 1161 1069 capillos,

211 1083 246 1133 40
302 1069 346 1134 Et
365 1008 437 1134 1311
458 1069 557 1134 effuso
581 1068 632 1134 cui
652 1072 731 1152 toga
751 1067 824 1132 laxa
846 1067 933 1131 sinu:

263 1153 412 1237 Quisquis
434 1155 467 1217 et
488 1157 646 1233 occurret,
667 1173 709 1216 ne
730 1152 835 1235 possit
855 1152 976 1216 crimen
997 1151 1140 1236 habere,

305 1237 355 1302 Sit
374 1237 500 1321 procul,
524 1241 578 1302 aut
600 1236 662 1300 alia
682 1237 746 1300 stet
766 1257 879 1322 precor
901 1239 976 1300 ante
997 1237 1062 1302 313.

263 1319 315 1387 Sic
337 1322 405 1386 fieri
426 1322 516 1386 iubet
536 1322 604 1405 ipse
626 1319 719 1404 deus,
742 1321 789 1385 sic
809 1342 927 1406 magna
947 1321 1103 1386 sacerdos

304 1406 365 1470 Est
385 1403 465 1470 mihi
487 1405 595 1470 divino
617 1403 792 1468 vaticinata
813 1426 908 1470 sono:
1219 1399 1220 1494 1

214 1504 247 1553 43
262 1489 351 1555 Haec
372 1490 428 1555 ubi
449 1489 604 1554 Bellonae
625 1493 746 1553 motust
813 1490 903 1572 tata,
925 1511 985 1555 nec
1007 1512 1121 1554 acrem
1219 1495 1220 1566 1

306 1575 499 1657 Flammam,
520 1595 588 1638 non
609 1595 717 1638 amens
739 1595 795 1638 ver
835 1595 872 1638 ra
892 1577 978 1638 torta
1000 1576 1114 1640 timet:

263 1660 340 1746 Ipsa
360 1661 499 1744 bipenne
521 1681 595 1722 suos
617 1659 721 1723 caedit
741 1659 882 1723 violenta
903 1659 1041 1723 lacertos

309 1743 471 1830 Sanguine
493 1746 526 1807 et
547 1744 646 1808 effuso
670 1743 793 1828 spargit
814 1743 916 1806 inulta
938 1743 1045 1824 deam,

264 1829 396 1914 Statque
418 1829 502 1893 latus
523 1829 663 1912 praefixa
683 1850 774 1907 veru,
798 1830 863 1892 3131
884 1828 991 1892 saucia
1011 1832 1146 1912 pectus,

214 1925 249 1978 33
304 1914 349 1978 111
370 1914 458 1979 canit
478 1915 625 1996 eventus,
669 1933 727 1976 uos
750 1911 808 1976 dea
829 1933 948 1998 magna
967 1915 1092 1978 monet.

265 1998 405 2063 ‘Parcite
411 2048 421 2082 ,
444 2019 539 2082 quam
561 2001 650 2062 custo
676 1997 700 2060 ‘t
719 1997 835 2079 Amor,
857 1997 976 2062 violare
997 1997 1160 2080 puellam,

306 2083 357 2148 Ne
378 2084 495 2168 pigeat·
508 2103 626 2166 magno
647 2083 723 2166 post
747 2081 894 2146 didicisse
916 2082 1011 2147 malo

263 2168 436 2251 Attigeris,
460 2167 606 2232 labentur
627 2187 718 2250 opes,
742 2169 779 2229 ut
799 2167 928 2230 volnere
948 2169 1061 2230 nostro

308 2249 460 2347 Sanguis,
481 2255 518 2314 ut
537 2250 591 2316 hic
612 2252 716 2315 ventis
739 2250 947 2334 diripiturque
970 2251 1072 2315 cinis)

215 2335 308 2399 33111
328 2335 388 2398 tib1
409 2335 598 2418 nescioquas
621 2334 714 2418 dixit,
737 2357 808 2399 mea
829 2335 936 2417 Delia,
958 2357 1097 2420 poenas:
1218 2353 1219 2422 1

308 2418 343 2484 Si
363 2421 471 2483 tamen
492 2418 656 2504 admittas,
679 2421 722 2484 sit
741 2440 855 2503 precor
876 2420 932 2484 illa
953 2419 1043 2482 levis.
1218 2459 1219 2504 1

266 2503 343 2572 Non
365 2525 425 2590 ego
446 2506 478 2567 te
500 2506 631 2587 propter
651 2526 747 2588 parco
769 2504 844 2586 tibi,
867 2503 923 2568 sed
944 2506 1001 2567 tua
1022 2507 1128 2568 mater
1218 2507 1219 2582 1

307 2588 361 2654 Μ3
382 2591 490 2653 movet
511 2591 604 2672 atque
625 2589 688 2652 iras
711 2611 805 2653 aurea
826 2588 927 2653 vincit
948 2610 1037 2652 anus.
1218 2593 1219 2658 ζ

265 2673 355 2738 Η333
376 2673 456 2738 mihi
477 2676 509 2738 13
531 2672 659 2738 adducit
679 2673 819 2738 tenebris
841 2673 1006 2756 multoque
1027 2672 1144 2737 timore

217 2772 251 2822 33
309 2757 435 2824 Ooniun
459 2757 485 2822 it
505 2762 633 2822 nostras
656 2759 738 2822 clam
759 2758 918 2824 taciturna
939 2779 1052 2821 manus
1059 2807 1070 2839 ,

266 2843 355 2912 Haeo
376 2782 559 2927 foriSusque
574 2846 683 2906 manet
696 2845 795 2908 noctu
808 2863 859 2906 me
876 2842 979 2906 adfixa
993 2841 1170 2925 proculque

311 2929 487 3016 Cognoscit
509 2928 660 3076 strepitus
680 2948 732 2990 me
753 2927 902 2991 veniente
923 2926 1051 3010 pedum.

267 3012 348 3079 Vive
370 3014 424 3078 diu
446 3012 540 3096 mihi,

310 3099 360 3163 Sit
380 3099 475 3162 modo
497 3098 561 3179 fas,
585 3118 686 3160 annos
709 3095 919 3160 contnbuisse
941 3094 1047 3160 velim.

218 3193 251 3244 33
267 3181 311 3246 Τ3
334 3203 458 3266 semper
479 3185 650 3265 natamque
672 3183 761 3245 tuam
782 3182 814 3244 te
836 3183 966 3263 propter
987 3179 1117 3242 amabo:

310 3264 393 3339 Quid
414 3266 470 3328 uid
492 3266 576 3349 agit,
600 3265 730 3348 sanguis
752 3268 801 3328 est
821 3267 930 3328 tamen
951 3264 1008 3328 illa
1028 3267 1109 3327 tuus.
1217 3333 1218 3338 1

269 3349 318 3416 Sit
339 3288 433 3412 modo
457 3353 560 3430 casta,
583 3350 676 3432 doce,
699 3349 844 3433 quamvis
865 3369 934 3412 non
945 3348 1028 3411 vitta
1049 3347 1167 3431 ligatos
1217 3387 1218 3438 1

310 3433 469 3515 Impediat
491 3432 593 3494 crines
613 3455 673 3496 nec
696 3434 777 3496 stola
799 3433 898 3516 longa
918 3432 1030 3514 333133,
1217 3445 1218 3448 ’

268 3517 313 3580 Et
333 3515 412 3578 mihi
434 3515 500 3576 sint
521 3512 617 3578 durae
638 3517 741 3600 leges,
764 3515 892 3580 laudare
914 3535 975 3581 nec
996 3515 1096 3578 ullam

584 3013 664 3076 ulcis
687 3033 781 3076 anus:
803 3011 951 3108 proprios
974 3032 1035 3094 ego
1052 3013 1167 3091 tecum,
