2464 4020
445 249 661 310 PRAEFATIO.
920 260 1035 311 xxxix

30 485 32 492 ,
61 420 225 496 enallagen
246 415 330 495 (nam
349 419 381 477 et
399 435 521 492 prorsus
541 419 675 503 abundat
693 437 751 479 vox
769 417 940 497 librarem:
968 421 1037 496 quis

29 507 31 536 ³
65 523 210 579 umquam
232 503 306 561 dixit
325 502 432 562 Latine
449 505 586 576 paroeat
603 503 698 564 solea?
726 503 848 579 Repone
872 505 1033 577 libaboque.

28 597 29 600 ’
66 588 172 662 Neque
193 605 229 645 aa
246 587 326 646 iusto
347 585 485 646 audacior
504 587 688 662 coniectura,
714 605 784 646 nam
798 588 825 646 si
839 605 938 648 errore
954 589 1035 646 facili

65 672 214 746 seriptum
233 672 299 729 erat
318 671 445 743 libaque,
464 669 606 728 facillime
627 671 767 730 librarius
787 672 896 746 aliquis
916 672 948 729 in
967 673 1034 731 loco

65 755 117 813 ubi
132 755 172 813 da
188 753 383 829 scriptoribus
399 753 525 813 diversis
540 755 641 830 agitur
655 755 692 813 ad
707 754 889 831 explendum
903 757 1034 814 metrum

65 839 168 912 potuit
189 838 369 898 substituere
389 837 421 895 id
440 837 520 912 quod
542 837 639 897 fertur
657 858 687 898 v.
708 869 750 880 —
771 839 812 899 ib,
835 839 913 898 docte
932 843 1035 914 aperte

65 923 189 981 illatum
202 940 239 980 ex
252 941 282 981 v.
294 922 350 996 263
365 939 435 980 nam
449 940 487 981 ne
503 923 580 981 solet
594 921 713 998 quidem
727 923 784 982 hoc
797 922 952 998 epitheton
966 921 1035 981 addi

66 1007 165 1080 poetis
187 1005 320 1078 comicis,
342 1005 453 1079 qnippe
472 1023 600 1080 quorum
619 1007 690 1064 libri
709 1006 804 1066 vitam
824 1007 920 1082 magis
945 1025 1035 1082 quam

66 1090 238 1150 doctrinm
248 1089 358 1148 debent
368 1088 490 1148 referre.
505 1089 597 1148 Dedit
608 1089 792 1164 Propertius,
805 1091 837 1150 ni
848 1091 946 1165 fallor,
958 1092 1035 1150 scita

67 1174 114 1232 Ita
133 1176 171 1234 in
189 1174 279 1232 inser.
299 1190 361 1249 reg.
383 1170 508 1249 Neapol.
531 1173 612 1233 1137
638 1174 802 1235 Menandri
823 1192 939 1249 macae
960 1178 1036 1235 corti

65 1261 156 1318 satos
171 1257 299 1328 sabatae,

129 1341 206 1414 IIII,
223 1342 273 1413 22,
289 1343 309 1399 3
324 1343 407 1401 coita
420 1341 578 1417 Hauptius,
593 1344 713 1404 1000010
727 1343 800 1403 NG.

128 1427 174 1483 ib.
191 1427 209 1483 7
226 1423 369 1500 Gepoas's
382 1425 461 1497 libri,
480 1425 561 1501 quod
574 1426 688 1484 reduxi.

129 1510 174 1568 ib.
193 1510 232 1567 14
248 1506 368 1584 Ortypia
381 1514 408 1568 ct
421 1509 580 1584 Hauptius,
596 1512 693 1586 artace
704 1511 748 1585 N3
763 1512 806 1570 sis
819 1510 869 1582 id,
884 1505 913 1569 ei
927 1510 992 1568 cdd.

129 1593 174 1655 ib.
191 1593 231 1652 28
246 1592 305 1663 fait
319 1591 388 1665 GN,
402 1594 469 1664 flat
483 1592 572 1667 docti,
588 1593 626 1652 al.
641 1590 726 1664 sarit.
744 1657 746 1664 ,

125 1677 174 1749 ib.
191 1677 232 1736 36
253 1677 444 1750 arboreasque
463 1694 562 1738 aucas
579 1675 663 1738 aaa
681 1682 708 1738 a
727 1695 789 1737 aaa
813 1679 927 1750 1000110
946 1675 1038 1736 &aba

68 1759 125 1836 (ita
136 1758 181 1837 N)
197 1776 272 1820 caea
287 1766 313 1820 ct
327 1767 463 1821 0000100
476 1763 511 1821 ia
523 1777 582 1821 esra
594 1760 660 1831 fata
674 1762 778 1822 trabes
800 1761 849 1819 Ad
859 1761 931 1820 haec
945 1761 1038 1821 verba

68 1844 245 1920 explicanda
264 1845 385 1920 quidam
404 1864 442 1903 ex
460 1843 610 1921 prioribus
630 1845 688 1904 huc
707 1849 862 1904 nexerunt
881 1845 958 1903 illud
972 1862 1037 1904 aar·

67 1947 154 1999 oarc;
184 1927 265 1988 unde
285 1929 381 1987 oritur
404 1945 527 1990 caream
550 1933 687 1990 arcanc
711 1930 820 1998 actes,
841 1929 893 1987 clii
917 1929 1038 2004 ellipsin

68 2015 236 2074 statuentes
256 2013 472 2088 suppleverunt
491 2015 573 2073 omni
592 2031 696 2073 eversa
715 2013 914 2073 concinnitate
929 2015 1037 2072 oratio-

68 2097 114 2156 nis
135 2097 223 2157 caca
241 2097 291 2156 vel
312 2097 430 2156 similia.
459 2097 534 2156 Mihi
553 2096 674 2156 videtm
694 2099 807 2156 certum
827 2098 860 2156 in
873 2097 1036 2156 referendis

69 2181 197 2258 mythici
216 2181 361 2256 temporis
382 2181 524 2240 monstris
549 2199 625 2256 quae
650 2181 773 2240 fuerunt
797 2183 830 2240 in
855 2181 979 2242 Graecia
997 2200 1036 2240 ne

69 2265 204 2339 potuisse
224 2264 346 2339 quidem
360 2265 459 2323 omitti
476 2265 597 2324 omnino
611 2266 729 2325 labores
743 2266 890 2327 Herculis.
919 2267 1037 2325 Horum

68 2349 164 2424 igitur
184 2367 252 2422 pars
273 2346 383 2407 excidit
402 2351 433 2407 et
452 2347 511 2406 fuit
537 2352 572 2407 ut
591 2351 664 2424 puto
689 2350 776 2411 initio
801 2351 933 2426 positum
953 2350 1038 2409 velut

69 2433 141 2504 qaid
160 2433 278 2505 loquar,
299 2433 370 2506 auid
389 2431 537 2504 referam?
565 2432 644 2492 Nam
659 2434 872 2494 existimandus
887 2437 1037 2510 0013000-

68 2517 151 2576 tivus
165 2515 256 2575 Sans.

132 2599 211 2672 1111,
229 2600 283 2672 23,
302 2601 340 2658 11
361 2599 472 2672 faeiat
485 2601 529 2672 N,
545 2600 715 2673 Gfacraat,
730 2601 768 2658 01.
782 2600 912 2671 sacrant.

132 2683 174 2742 ib.
192 2685 232 2743 15
247 2685 320 2744 alati
333 2683 416 2761 ch,
432 2685 495 2744 arai
507 2683 546 2757 N,
562 2685 635 2744 alea
649 2683 685 2744 G.

132 2767 175 2825 ib.
193 2769 232 2826 16
242 2768 366 2841 parabit
378 2768 529 2842 Heinsius,
539 2769 661 2841 parauit
674 2787 703 2827 v.

132 2851 176 2909 ib.
194 2853 233 2909 17
247 2852 346 2913 volem
358 2852 438 2925 Itali,
454 2851 553 2912 1101000
565 2849 639 2910 NG.

132 2933 206 3007 IIII,
224 2935 273 3007 24,
290 2937 318 2994 6.
346 2934 410 2994 Aut
428 2935 518 2993 fallor
537 2933 696 2994 mirificum
709 2935 742 2994 in
756 2933 879 2992 modum
894 2934 946 2991 aut
962 2934 1039 2992 exei-

67 3018 115 3078 dit
126 3018 288 3092 distichon,
304 3018 385 3094 quod
397 3038 416 3078 a
429 3018 576 3095 particula
596 3023 622 3078 at
640 3018 795 3094 inciperet.
826 3015 913 3078 Certe
928 3020 1038 3093 permi-

68 3122 137 3162 rum
152 3103 241 3176 foret,
263 3103 289 3162 si
303 3103 478 3178 Propertius
493 3121 586 3161 unum
600 3105 719 3162 tantum
734 3102 902 3177 exemplum
919 3103 1039 3163 afferret

66 3187 101 3245 in
122 3187 330 3248 testimonium
350 3189 414 3248 eius
436 3186 481 3246 rei
501 3185 582 3261 quod
601 3188 724 3248 minam
742 3203 828 3262 saepe
841 3190 927 3249 varia
939 3190 1039 3266 fipara

68 3271 206 3330 laudavit
219 3269 389 3346 Cynthium.

133 3355 175 3413 ib.
189 3355 230 3414 20
244 3356 410 3415 naama
420 3354 499 3430 Itali,
515 3355 680 3416 acueram
689 3354 760 3416 NG.
776 3355 903 3417 Brevem
917 3356 1038 3416 finalem

68 3444 170 3506 erat,
191 3437 262 3514 quia
281 3440 487 3515 grammaticis,
496 3439 648 3499 veteribus
668 3459 728 3499 non
749 3442 813 3498 erat
827 3439 965 3514 probata,
987 3437 1038 3494 vix

69 3540 212 3598 umquam
232 3521 375 3582 intactam
390 3523 538 3598 reliquere
553 3523 645 3580 medii
660 3523 724 3582 aevi
740 3522 828 3580 docti.
