2492 4022
167 229 210 294 92
424 228 620 286 CORNIFICII
640 227 876 287 FRAGMENTA.

167 396 304 466 siqnificet
324 394 367 448 M.
388 393 456 447 Octo
478 393 511 446 ia
532 391 657 446 oratione
680 407 763 460 qua-m
785 391 897 460 scripsit
918 393 954 446 de
975 393 1154 451 innocentia

168 481 230 528 sna,
250 479 313 516 oum
329 461 372 514 ita
389 460 502 514 dicIItat
519 468 684 526 ‘numquam
703 458 873 514 vestimenta
889 477 907 513 a
923 461 1030 528 populo
1070 479 1150 532 opo-

168 531 314 653 sczhcedrffl
330 528 419 651 seligi.
436 527 473 582 Μ.
490 526 544 581 Rh.
561 527 680 594 XXIIII,
698 535 758 583 331.
774 556 809 567 -
824 526 869 581 Fr.
886 533 904 582 4
922 528 1036 583 ‘refice'
1077 532 1151 598 caL,

225 731 250 784 6.
279 717 315 780 in
336 715 465 780 milibus
486 717 538 778 tot
557 735 626 778 non
645 713 794 778 videbitis
812 735 969 799 grossum.

222 839 248 890 s.
278 848 384 891 sumes
407 826 446 890 ab
469 825 533 888 elio
556 825 638 888 lacte
660 823 786 888 diffluos
808 845 946 909 grossos.

218 933 242 980 6.
260 933 285 982 7.
310 926 468 980 Macrobius
486 925 538 978 sat
556 924 609 989 111,
629 930 669 988 19,
688 929 716 978 5:
734 924 808 978 lacte
826 924 940 993 proprie
957 927 1074 982 ficorum
1096 928 1146 982 di-

167 996 249 1049 citur.
276 994 367 1064 grossi
384 991 563 1062 appellantur
584 989 631 1045 fici
648 1007 721 1058 quae
738 1007 796 1046 non
812 994 1006 1048 maturescunt
1023 1011 1046 1050 e.
1063 1011 1098 1063 q.
1118 1015 1143 1052 s.

166 1060 286 1116 Mattius
304 1063 341 1180 [ti
360 1062 389 1116 et
405 1060 501 1136 paulo¹
528 1060 574 1113 ost
590 1058 631 1114 ait
649 1061 658 1128 [
675 1062 693 1128 ].

165 1129 313 1252 tbiPriore
342 1145 393 1183 oco
410 1128 477 1196 post
527 1127 566 1181 ud
585 1128 650 1180 ‘tot’
669 1127 733 1181 add.
753 1127 815 1182 cdd.
835 1128 987 1196 ‘ficorum
1006 1129 1059 1185 del.
1079 1130 1144 1185 Bo-

209 1215 250 1251 us.

219 1331 244 1378 8.
271 1337 462 1400 pressusque
482 1316 581 1380 labris
602 1337 685 1380 unus
707 1316 817 1380 acinus
840 1315 958 1380 arebat.

215 1416 323 1472 Nonius
344 1434 364 1486 p
385 1457 391 1469 .
412 1422 465 1473 193,
483 1415 579 1470 acinus
601 1416 754 1472 masculino
777 1415 815 1484 M,
834 1415 942 1470 Tullius
965 1447 998 1456 —
1015 1416 1143 1474 Mattius

169 1487 305 1540 obscurae
318 1501 355 1539 au
402 1483 481 1538 ritaii
496 1501 519 1538 e.
533 1500 559 1551 q.
572 1502 593 1537 s.
617 1483 722 1554 Scripsi
736 1483 808 1537 illud
820 1483 935 1538 Mattius
946 1500 998 1552 pro
1011 1501 1044 1540 eo
1057 1489 1143 1553 quod

166 1552 256 1608 estin
274 1553 336 1607 cdd.
355 1551 493 1617 ‘etalii’,
512 1552 546 1606 cf.
564 1551 631 1610 d.r.
649 1569 686 1606 m.
705 1559 747 1608 30.

215 1621 386 1690 Fragmenta
401 1618 498 1673 Iliadis
509 1618 675 1674 Homericae
693 1619 729 1674 ab
747 1619 847 1674 eodem
858 1620 891 1674 nt
906 1619 1020 1674 videtur
1030 1619 1142 1676 Mattio

166 1705 317 1744 conversae
339 1689 369 1742 in
390 1687 522 1741 Latinum
543 1703 699 1742 sermonem
720 1686 766 1740 hic
787 1686 842 1741 loci
864 1686 931 1742 addi
957 1703 1015 1742 non
1044 1705 1079 1742 ex
1104 1707 1141 1745 re

166 1757 332 1812 existimavi.
367 1756 446 1810 Nihil
463 1756 558 1810 antem
575 1755 613 1810 ad
629 1754 805 1810 mimiambos
826 1755 878 1809 hos
899 1755 969 1810 facIt
989 1755 1141 1825 fragmen-

165 1827 228 1879 tum
238 1824 317 1879 'illud
335 1824 412 1892 qnod
427 1824 532 1894 legitur
549 1823 627 1892 apud
643 1820 816 1878 Prisoienum
832 1839 880 1892 pg.
892 1829 942 1878 722
961 1831 1050 1877 ‘meos
1067 1823 1139 1878 hor-

164 1893 240 1947 tulos
260 1893 326 1962 plus
347 1895 471 1948 stercore
494 1907 579 1959 quam
600 1891 722 1958 holero’,
749 1890 799 1946 ubi
823 1891 908 1958 plura
934 1892 969 1946 de
992 1907 1027 1945 eo
1049 1891 1139 1948 affert

165 1959 302 2014 Hertzius.
342 1960 460 2014 Omnino
483 1959 571 2013 verba
592 1957 647 2012 ista
668 1959 767 2026 inepta
792 1974 909 2012 numero
938 1958 1138 2028 choh'ambico,

166 2043 238 2094 quae
265 2026 325 2081 sive
346 2027 482 2081 Prisciani
508 2027 567 2080 eise
593 2026 781 2082 librariorum·
799 2025 882 2095 culpa
905 2043 1056 2097 perperam
1081 2026 1136 2081 ad-

165 2095 271 2164 scripta
288 2111 348 2149 esse
367 2094 496 2150 existimo
513 2093 624 2148 Mattio.

529 2299 730 2311 ·—-—.......-...-

434 2538 495 2615 VI.
549 2537 852 2614 CORNIFIOIVS.

180 2652 273 2724 Egere
291 2653 326 2708 de
345 2654 374 2710 O.
392 2654 569 2710 Weichertus
586 2671 634 2723 pg.
654 2659 715 2721 165,
734 2652 896 2708 Schwabius
913 2669 960 2722 pg.
978 2657 1029 2708 298
1046 2667 1109 2720 sqq.

410 2808 436 2874 Ι.
473 2805 883 2874 HENDIIOASYLLABI.

218 2943 241 2990 1.
270 2929 404 2994 deducta
425 2927 505 2992 mihi
527 2947 604 2992 voce
626 2926 790 3012 garrienti.

215 3025 373 3082 Macrobius
391 3029 441 3082 sat.
459 3025 514 3095 VI,
530 3033 561 3093 4,
581 3034 624 3081 12:
648 3027 800 3082 deductum
818 3042 869 3096 pro
887 3024 966 3080 tenui
989 3027 1018 3080 et
1034 3025 1132 3081 subtili

164 3093 310 3162 eleganter
326 3095 450 3163 positum
468 3099 511 3150 ost
528 3125 562 3135 —
580 3096 655 3163 apud
674 3093 851 3149 Cornificium
869 3110 893 3150 e.
912 3109 939 3161 q.
958 3110 980 3148 s.

467 3253 510 3319 II.
547 3252 819 3321 HEXAMIITRI.

214 3388 230 3434 a
265 3424 286 3437 .
303 3414 467 3440 22222
491 3370 667 3437 Centauros
688 3373 816 3440 foedare
836 3355 1039 3438 bimeinbres.

213 3471 371 3550 MaorotIus
389 3471 442 3549 VI,
461 3476 489 3535 5,
510 3477 541 3526 13
563 3471 600 3526 cd
622 3470 694 3550 illnd
713 3474 783 3550 [aen.
801 3473 881 3539 VIII,
899 3475 959 3542 293]
979 3475 1027 3526 ‘tn
1047 3471 1133 3526 nubi-

165 3555 252 3608 genas
270 3540 374 3594 rnv1cte
392 3539 578 3594 brmembres’
597 3537 758 3594 Cormfiorns
775 3540 805 3594 in
824 3540 929 3596 Glauco
949 3557 972 3595 e.
986 3557 1012 3608 q.
1024 3557 1046 3594 s
