2476 4018
216 153 259 218 46
594 159 789 216 encennrn
1115 166 1192 238 [xv.
1233 209 1234 212 e

281 321 341 386 Ille
363 323 414 388 vel
434 322 488 388 hic
509 324 627 388 classes
673 327 777 388 oterat
798 325 848 388 vel
870 324 1001 408 perdere
1023 347 1146 390 muros,

324 405 386 472 Hic
409 429 469 493 ego
492 407 634 490 Pelides,
649 345 710 472 dic
731 408 817 472 ferus
839 407 961 473 Hector
983 431 1085 494 ege>

231 501 266 552 35
280 491 413 640 Aspice,
434 492 482 556 uti
502 493 590 556 caclo
613 491 709 556 modo
731 493 780 556 sol
800 492 895 558 modo
917 494 993 558 luna
1007 495 1189 560 ministret:

338 576 377 640 *ic
399 576 497 640 etiarn
518 575 612 641 nobis
634 597 700 640 nna
721 577 828 660 puella
849 581 1003 660 parumst.

282 660 395 723 Altera
416 683 467 725 me
490 660 612 746 cupidis
634 663 742 728 teneat
762 661 930 745 foveatque
953 663 1098 748 lacertis,

324 744 438 809 Altera
460 745 487 808 si
510 745 636 830 quando
657 766 725 809 non
746 745 824 808 sinit
845 767 913 810 esse
935 746 1057 830 locum,

286 828 351 892 Aut
372 828 400 893 si
421 829 504 894 forte
526 830 607 893 irate
628 850 700 893 mco
723 830 765 894 sit
785 829 871 894 fecta
892 829 1056 913 ministre,

235 923 270 974 40
326 911 371 977 Vt
393 913 474 978 sciat
495 935 564 978 esse
586 915 695 997 aliam,
719 933 798 998 quac
820 914 898 978 velit
920 936 988 979 esse
1010 937 1092 980 mea.

283 996 368 1063 Nam
390 997 503 1062 melius
525 998 588 1064 duo
611 997 785 1064 defendunt
805 999 981 1062 retinacula
1001 1001 1132 1086 navim,

326 1081 439 1146 Tutius
462 1085 494 1146 et
515 1084 662 1168 geminos
684 1083 778 1146 anxia
798 1085 900 1148 mater
921 1083 987 1147 alit.

563 1297 649 1370 xvi
675 1295 839 1390 [xxnbp
918 1283 928 1301 ‘

285 1418 352 1481 Aut
373 1417 400 1482 si
422 1440 456 1482 es
478 1419 570 1503 dura,
592 1441 693 1568 nepa:
721 1421 772 1484 sin
794 1441 826 1484 es
847 1441 914 1484 non
936 1421 1029 1503 dura,
1052 1423 1174 1487 venito,
1234 1391 1235 1478 i

329 1501 412 1577 Quid
433 1502 522 1568 iuvat
543 1525 576 1588 a,
598 1527 643 1567 nu
657 1505 688 1568 lo
710 1525 829 1588 ponere
850 1504 946 1569 verba
967 1505 1065 1570 loco?

235 1598 270 1648 45
284 1585 348 1650 Hic
369 1609 451 1651 unus
473 1589 566 1653 dolor
587 1592 636 1653 est
657 1611 695 1652 ex
717 1589 864 1654 omnibus
887 1611 960 1654 acer
981 1589 1119 1673 amanti,

329 1669 477 1754 Speranti
499 1673 604 1736 subito
628 1673 719 1757 sique,
740 1673 847 1737 venire
868 1676 975 1758 negat.

287 1753 413 1831 Quanta
433 1757 524 1820 illurn
545 1759 615 1821 totc
637 1761 764 1821 versant
786 1757 923 1841 suspirie
943 1758 1042 1842 lecto,
1174 1773 1191 1822 5

329 1838 411 1905 Cum
432 1841 546 1926 recipi,
570 1862 663 1924 quem
684 1863 751 1906 non
772 1843 898 1906 noverit
918 1842 990 1925 illa,
1012 1845 1119 1926 putat.

286 1923 330 1989 Et
351 1945 459 1990 rursus
480 1947 613 2009 puerum
637 1925 814 2009 quaerendo
837 1926 946 1990 audita
966 1927 1102 2012 fatigat,

237 2021 271 2071 50
328 2008 446 2092 Quem,
471 2030 550 2094 quac
569 2011 653 2133 pcire
674 2011 780 2095 timet,
801 2031 952 2134 qpaerere
974 2011 1069 2096 plura
1089 2011 1191 2077 iubet.

692 2143 710 2182 *

563 2309 666 2382 nvn
693 2311 852 2403 [xrnrJ.

288 2427 348 2495 Oui
368 2428 432 2494 fuit
452 2427 574 2493 indocti
595 2432 749 2516 fugienda
770 2433 850 2498 haec
872 2433 986 2496 semita
1007 2433 1113 2518 volgi,
1235 2427 1236 2432 ¹

329 2513 404 2597 lpse
424 2514 525 2598 petita
546 2514 618 2579 lacu
639 2538 725 2580 nnnc
746 2517 827 2582 mihi
849 2517 950 2581 dulcis
972 2522 1096 2600 aquast

288 2598 326 2664 In
352 2621 453 2664 enuus
475 2600 643 2684 quisquam
665 2601 794 2666 alterius
817 2601 872 2665 dat
891 2621 1025 2664 munera
1048 2623 1158 2685 serm,

362 2688 376 2747 t
396 2685 555 2769 promissa
576 2707 651 2749 suae
672 2685 768 2750 verba
789 2686 871 2750 ferat
893 2685 1063 2750 dominae?

259 2767 335 2834 snt
356 2770 479 2854 quaerit
499 2771 617 2834 totiens
641 2777 810 2854 ‘quaenam
831 2791 916 2835 nunc
935 2770 1079 2853 porticus
1099 2771 1193 2835 issam

330 2852 491 2939 Integit?’
513 2857 546 2918 et
567 2859 699 2938 ‘campo
721 2875 783 2938 quo
806 2857 913 2919 movet
934 2854 991 2917 illa
1011 2853 1154 2938 pedes?’

288 2937 429 3018 Deinde,
451 2936 506 3001 ubi
526 2939 694 3022 pertuleris
700 2987 709 3023 ‚
738 2959 817 3022 quos
840 2938 917 3003 dicit
938 2938 1039 3022 fama,
1062 2939 1194 3003 labores

331 3022 494 3106 Herculis,
516 3025 552 3086 ut
574 3023 691 3087 scribat
714 3024 869 3088 ‘muneris
891 3023 1004 3106 ecquid
1026 3023 1169 3088 habes?’

290 3105 428 3172 Cernere
448 3109 496 3171 uti
518 3109 622 3192 possis
643 3109 766 3171 voltum
789 3106 927 3172 custodis
950 3109 1068 3190 amari,

240 3203 273 3253 10
331 3189 450 3277 Captus
474 3196 505 3256 et
526 3191 679 3256 inmunda
702 3214 794 3276 saepe
816 3192 916 3257 latere
939 3191 1033 3255 casa?

282 3274 393 3350 'Quem
415 3297 486 3339 care
509 3278 606 3341 semel
629 3278 663 3341 in
684 3279 753 3340 toto
776 3297 840 3340 nox
861 3276 997 3340 vertitur
1018 3277 1117 3342 annot

331 3359 362 3418 A
383 3361 528 3438 pereant,
551 3362 658 3442 siquos
680 3363 774 3424 ianua
795 3361 901 3424 clausa
922 3361 1023 3424 iurati

290 3438 425 3519 Contra,
447 3438 565 3502 reiecto
588 3464 668 3523 quae
689 3443 789 3508 libera
810 3444 897 3509 vadit
919 3445 1051 3527 amictu,
