<?xml version="1.0" encoding="UTF-8"?>
<!DOCTYPE html PUBLIC "-//W3C//DTD XHTML 1.0 Transitional//EN"
    "http://www.w3.org/TR/xhtml1/DTD/xhtml1-transitional.dtd">
<html xmlns="http://www.w3.org/1999/xhtml" xml:lang="en" lang="en">
 <head>
  <title>
</title>
<meta http-equiv="Content-Type" content="text/html;charset=utf-8" />
  <meta name='ocr-system' content='tesseract 3.04.00' />
  <meta name='ocr-capabilities' content='ocr_page ocr_carea ocr_par ocr_line ocrx_word'/>
</head>
<body>
  <div class='ocr_page' id='page_1' title='image "./catvllitibvllip00priagoog_0273.png"; bbox 0 0 2468 4036; ppageno 0'>
   <div class='ocr_carea' id='block_1_1' title="bbox 9 256 1026 326">
    <p class='ocr_par' dir='ltr' id='par_1_1' title="bbox 9 256 1026 326">
     <span class='ocr_line' id='line_1_1' title="bbox 9 256 1026 326; baseline 0.009 -15"><span class='ocrx_word' id='word_1_1' title='bbox 9 257 91 326; x_wconf 74' lang='lat' dir='ltr'><strong>vn]</strong></span> <span class='ocrx_word' id='word_1_2' title='bbox 394 284 395 287; x_wconf 18' lang='grc' dir='ltr'><strong><em>κ</em></strong></span> <span class='ocrx_word' id='word_1_3' title='bbox 466 256 574 312; x_wconf 75' lang='lat' dir='ltr'><strong>nunu</strong></span> <span class='ocrx_word' id='word_1_4' title='bbox 595 259 617 315; x_wconf 90' lang='lat'><strong>1.</strong></span> <span class='ocrx_word' id='word_1_5' title='bbox 766 291 769 296; x_wconf 90' lang='lat'><em>-</em></span> <span class='ocrx_word' id='word_1_6' title='bbox 986 256 1026 320; x_wconf 87' lang='lat'><strong>13</strong></span> 
     </span>
    </p>
   </div>
   <div class='ocr_carea' id='block_1_2' title="bbox 11 416 1025 591">
    <p class='ocr_par' dir='ltr' id='par_1_2' title="bbox 11 416 1025 591">
     <span class='ocr_line' id='line_1_2' title="bbox 11 416 1025 508; baseline 0 -24"><span class='ocrx_word' id='word_1_7' title='bbox 11 416 254 500; x_wconf 81' lang='lat' dir='ltr'><strong>Nescioquid</strong></span> <span class='ocrx_word' id='word_1_8' title='bbox 273 417 410 482; x_wconf 74' lang='lat' dir='ltr'><strong>furtivus</strong></span> <span class='ocrx_word' id='word_1_9' title='bbox 434 440 524 483; x_wconf 82' lang='lat' dir='ltr'><strong>amor</strong></span> <span class='ocrx_word' id='word_1_10' title='bbox 544 422 645 503; x_wconf 76' lang='lat' dir='ltr'><strong>parab.</strong></span> <span class='ocrx_word' id='word_1_11' title='bbox 681 424 770 486; x_wconf 76' lang='lat' dir='ltr'><strong>ubere</strong></span> <span class='ocrx_word' id='word_1_12' title='bbox 792 443 927 508; x_wconf 84' lang='lat' dir='ltr'>quaeso,</span> <span class='ocrx_word' id='word_1_13' title='bbox 993 435 1025 484; x_wconf 77' lang='lat'><strong>75</strong></span> 
     </span>
     <span class='ocr_line' id='line_1_3' title="bbox 72 501 886 591; baseline 0.007 -25"><span class='ocrx_word' id='word_1_14' title='bbox 72 501 184 566; x_wconf 93' lang='lat' dir='ltr'><strong>Dum</strong></span> <span class='ocrx_word' id='word_1_15' title='bbox 206 501 297 566; x_wconf 82' lang='lat' dir='ltr'><strong>lieet:</strong></span> <span class='ocrx_word' id='word_1_16' title='bbox 319 502 355 566; x_wconf 92' lang='lat' dir='ltr'><strong>in</strong></span> <span class='ocrx_word' id='word_1_17' title='bbox 375 503 496 585; x_wconf 84' lang='lat' dir='ltr'><strong>liquida</strong></span> <span class='ocrx_word' id='word_1_18' title='bbox 516 506 575 567; x_wconf 76' lang='lat' dir='ltr'><strong>nat</strong></span> <span class='ocrx_word' id='word_1_19' title='bbox 594 505 656 568; x_wconf 75' lang='lat' dir='ltr'><strong>nbi</strong></span> <span class='ocrx_word' id='word_1_20' title='bbox 677 505 773 570; x_wconf 78' lang='lat' dir='ltr'><strong>linter</strong></span> <span class='ocrx_word' id='word_1_21' title='bbox 795 529 886 591; x_wconf 84' lang='lat' dir='ltr'><strong>aqua.</strong></span> 
     </span>
    </p>
   </div>
   <div class='ocr_carea' id='block_1_3' title="bbox 483 733 573 811">
    <p class='ocr_par' dir='ltr' id='par_1_3' title="bbox 483 733 573 811">
     <span class='ocr_line' id='line_1_4' title="bbox 483 733 573 811; baseline 0 0"><span class='ocrx_word' id='word_1_22' title='bbox 483 786 485 790; x_wconf 82' lang='grc'><strong>-</strong></span> <span class='ocrx_word' id='word_1_23' title='bbox 511 733 573 811; x_wconf 80' lang='lat' dir='ltr'><strong>u</strong></span> 
     </span>
    </p>
   </div>
   <div class='ocr_carea' id='block_1_4' title="bbox 25 812 1003 1122">
    <p class='ocr_par' dir='ltr' id='par_1_4' title="bbox 25 812 1003 1122">
     <span class='ocr_line' id='line_1_5' title="bbox 25 812 949 947; baseline 0.003 -25"><span class='ocrx_word' id='word_1_24' title='bbox 25 856 206 941; x_wconf 81' lang='lat' dir='ltr'><strong>Semper,</strong></span> <span class='ocrx_word' id='word_1_25' title='bbox 229 812 428 941; x_wconf 23' lang='lat' dir='ltr'><strong>uoiinduear,</strong></span> <span class='ocrx_word' id='word_1_26' title='bbox 451 858 588 924; x_wconf 83' lang='lat' dir='ltr'><strong>blandos</strong></span> <span class='ocrx_word' id='word_1_27' title='bbox 611 861 705 926; x_wconf 84' lang='lat' dir='ltr'><strong>offers</strong></span> <span class='ocrx_word' id='word_1_28' title='bbox 727 860 807 926; x_wconf 89' lang='lat' dir='ltr'><strong>mihi</strong></span> <span class='ocrx_word' id='word_1_29' title='bbox 827 861 949 947; x_wconf 76' lang='lat' dir='ltr'><strong>voltus,</strong></span> 
     </span>
     <span class='ocr_line' id='line_1_6' title="bbox 80 941 942 1030; baseline 0.005 -24"><span class='ocrx_word' id='word_1_30' title='bbox 80 941 178 1006; x_wconf 73' lang='lat' dir='ltr'><strong>Posi</strong></span> <span class='ocrx_word' id='word_1_31' title='bbox 198 944 309 1006; x_wconf 74' lang='lat' dir='ltr'><strong>tamen</strong></span> <span class='ocrx_word' id='word_1_32' title='bbox 330 962 364 1006; x_wconf 88' lang='lat' dir='ltr'><strong>es</strong></span> <span class='ocrx_word' id='word_1_33' title='bbox 384 943 502 1008; x_wconf 87' lang='lat' dir='ltr'><strong>misero</strong></span> <span class='ocrx_word' id='word_1_34' title='bbox 523 945 625 1009; x_wconf 73' lang='lat' dir='ltr'><strong>tristis</strong></span> <span class='ocrx_word' id='word_1_35' title='bbox 648 949 680 1010; x_wconf 80' lang='lat' dir='ltr'><strong>et</strong></span> <span class='ocrx_word' id='word_1_36' title='bbox 701 967 809 1030; x_wconf 84' lang='lat' dir='ltr'>asper,</span> <span class='ocrx_word' id='word_1_37' title='bbox 831 947 942 1010; x_wconf 88' lang='lat' dir='ltr'><strong>Amor.</strong></span> 
     </span>
     <span class='ocr_line' id='line_1_7' title="bbox 29 1025 1003 1122; baseline 0.007 -34"><span class='ocrx_word' id='word_1_38' title='bbox 29 1025 137 1101; x_wconf 84' lang='lat' dir='ltr'><strong>Quid</strong></span> <span class='ocrx_word' id='word_1_39' title='bbox 161 1025 225 1089; x_wconf 76' lang='lat' dir='ltr'><strong>nbi</strong></span> <span class='ocrx_word' id='word_1_40' title='bbox 246 1026 397 1090; x_wconf 68' lang='lat' dir='ltr'><strong>saevitiae</strong></span> <span class='ocrx_word' id='word_1_41' title='bbox 418 1029 596 1093; x_wconf 76' lang='lat' dir='ltr'><strong>mecumsb?</strong></span> <span class='ocrx_word' id='word_1_42' title='bbox 620 1051 662 1094; x_wconf 82' lang='lat' dir='ltr'><strong>sn</strong></span> <span class='ocrx_word' id='word_1_43' title='bbox 683 1030 788 1114; x_wconf 84' lang='lat' dir='ltr'><strong>gloria</strong></span> <span class='ocrx_word' id='word_1_44' title='bbox 808 1033 959 1115; x_wconf 75' lang='lat' dir='ltr'>magnast</span> <span class='ocrx_word' id='word_1_45' title='bbox 999 1114 1003 1122; x_wconf 29' lang='grc' dir='ltr'>Ι</span> 
     </span>
    </p>
   </div>
   <div class='ocr_carea' id='block_1_5' title="bbox 31 1109 1064 3393">
    <p class='ocr_par' dir='ltr' id='par_1_5' title="bbox 31 1109 1064 3393">
     <span class='ocr_line' id='line_1_8' title="bbox 84 1109 1064 1197; baseline 0.007 -23"><span class='ocrx_word' id='word_1_46' title='bbox 84 1109 239 1174; x_wconf 75' lang='lat' dir='ltr'>Insidias</span> <span class='ocrx_word' id='word_1_47' title='bbox 261 1109 385 1176; x_wconf 89' lang='lat' dir='ltr'><strong>homini</strong></span> <span class='ocrx_word' id='word_1_48' title='bbox 407 1113 613 1197; x_wconf 79' lang='lat' dir='ltr'><strong>conposuisse</strong></span> <span class='ocrx_word' id='word_1_49' title='bbox 635 1113 752 1178; x_wconf 82' lang='lat' dir='ltr'><strong>deum?</strong></span> <span class='ocrx_word' id='word_1_50' title='bbox 1057 1137 1064 1152; x_wconf 77' lang='lat'><strong><em>¹</em></strong></span> 
     </span>
     <span class='ocr_line' id='line_1_9' title="bbox 31 1193 1025 1264; baseline 0.001 -5"><span class='ocrx_word' id='word_1_51' title='bbox 31 1194 120 1259; x_wconf 83' lang='lat' dir='ltr'><strong>Iam</strong></span> <span class='ocrx_word' id='word_1_52' title='bbox 144 1193 228 1259; x_wconf 91' lang='lat' dir='ltr'><strong>mihi</strong></span> <span class='ocrx_word' id='word_1_53' title='bbox 248 1194 423 1260; x_wconf 73' lang='lat' dir='ltr'><strong>tenduntur</strong></span> <span class='ocrx_word' id='word_1_54' title='bbox 445 1219 564 1262; x_wconf 80' lang='lat' dir='ltr'><strong>cosses:</strong></span> <span class='ocrx_word' id='word_1_55' title='bbox 589 1199 655 1262; x_wconf 83' lang='lat' dir='ltr'><strong>iam</strong></span> <span class='ocrx_word' id='word_1_56' title='bbox 676 1197 771 1263; x_wconf 83' lang='lat' dir='ltr'><strong>Delia</strong></span> <span class='ocrx_word' id='word_1_57' title='bbox 790 1198 902 1264; x_wconf 78' lang='lat' dir='ltr'><strong>furtim</strong></span> <span class='ocrx_word' id='word_1_58' title='bbox 1008 1209 1025 1260; x_wconf 76' lang='lat' dir='ltr'><strong>o</strong></span> 
     </span>
     <span class='ocr_line' id='line_1_10' title="bbox 89 1277 807 1362; baseline 0.006 -18"><span class='ocrx_word' id='word_1_59' title='bbox 89 1277 317 1362; x_wconf 83' lang='lat' dir='ltr'><strong>Nescioquem</strong></span> <span class='ocrx_word' id='word_1_60' title='bbox 337 1280 438 1345; x_wconf 73' lang='lat' dir='ltr'><strong>tacite</strong></span> <span class='ocrx_word' id='word_1_61' title='bbox 459 1282 575 1346; x_wconf 80' lang='lat' dir='ltr'><strong>collide</strong></span> <span class='ocrx_word' id='word_1_62' title='bbox 594 1287 690 1348; x_wconf 78' lang='lat' dir='ltr'><strong>noete</strong></span> <span class='ocrx_word' id='word_1_63' title='bbox 712 1283 807 1348; x_wconf 68' lang='lat' dir='ltr'><strong>foves.</strong></span> 
     </span>
     <span class='ocr_line' id='line_1_11' title="bbox 35 1363 940 1451; baseline 0.006 -23"><span class='ocrx_word' id='word_1_64' title='bbox 35 1363 112 1428; x_wconf 86' lang='lat' dir='ltr'>Illa</span> <span class='ocrx_word' id='word_1_65' title='bbox 135 1363 269 1446; x_wconf 90' lang='lat' dir='ltr'><strong>quidem</strong></span> <span class='ocrx_word' id='word_1_66' title='bbox 289 1364 394 1428; x_wconf 78' lang='lat' dir='ltr'><strong>iurabo</strong></span> <span class='ocrx_word' id='word_1_67' title='bbox 413 1368 526 1451; x_wconf 77' lang='lat' dir='ltr'><strong>neget,</strong></span> <span class='ocrx_word' id='word_1_68' title='bbox 549 1366 605 1431; x_wconf 88' lang='lat' dir='ltr'><strong>sed</strong></span> <span class='ocrx_word' id='word_1_69' title='bbox 627 1368 755 1432; x_wconf 84' lang='lat' dir='ltr'><strong>credere</strong></span> <span class='ocrx_word' id='word_1_70' title='bbox 777 1367 940 1434; x_wconf 75' lang='lat' dir='ltr'><strong>durumsb:</strong></span> 
     </span>
     <span class='ocr_line' id='line_1_12' title="bbox 92 1447 805 1535; baseline 0.006 -23"><span class='ocrx_word' id='word_1_71' title='bbox 92 1447 152 1512; x_wconf 77' lang='lat' dir='ltr'><strong>sio</strong></span> <span class='ocrx_word' id='word_1_72' title='bbox 175 1447 276 1512; x_wconf 76' lang='lat' dir='ltr'><strong>etiem¹</strong></span> <span class='ocrx_word' id='word_1_73' title='bbox 295 1447 334 1512; x_wconf 87' lang='lat' dir='ltr'><strong>de</strong></span> <span class='ocrx_word' id='word_1_74' title='bbox 356 1470 407 1513; x_wconf 88' lang='lat' dir='ltr'><strong>me</strong></span> <span class='ocrx_word' id='word_1_75' title='bbox 428 1453 584 1535; x_wconf 76' lang='lat' dir='ltr'><strong>pernegat</strong></span> <span class='ocrx_word' id='word_1_76' title='bbox 604 1473 704 1535; x_wconf 88' lang='lat' dir='ltr'><strong>usque</strong></span> <span class='ocrx_word' id='word_1_77' title='bbox 725 1453 805 1516; x_wconf 83' lang='lat' dir='ltr'><strong>vire.</strong></span> 
     </span>
     <span class='ocr_line' id='line_1_13' title="bbox 39 1532 844 1619; baseline 0.004 -22"><span class='ocrx_word' id='word_1_78' title='bbox 39 1532 128 1616; x_wconf 89' lang='lat' dir='ltr'><strong>Ipse</strong></span> <span class='ocrx_word' id='word_1_79' title='bbox 151 1532 251 1596; x_wconf 87' lang='lat' dir='ltr'><strong>miser</strong></span> <span class='ocrx_word' id='word_1_80' title='bbox 273 1532 381 1616; x_wconf 85' lang='lat' dir='ltr'><strong>docui,</strong></span> <span class='ocrx_word' id='word_1_81' title='bbox 404 1555 467 1617; x_wconf 89' lang='lat' dir='ltr'><strong>quo</strong></span> <span class='ocrx_word' id='word_1_82' title='bbox 488 1537 599 1618; x_wconf 74' lang='lat' dir='ltr'><strong>posseb</strong></span> <span class='ocrx_word' id='word_1_83' title='bbox 619 1536 728 1600; x_wconf 85' lang='lat' dir='ltr'><strong>ludere</strong></span> <span class='ocrx_word' id='word_1_84' title='bbox 749 1540 844 1619; x_wconf 75' lang='lat' dir='ltr'><strong>puoto</strong></span> 
     </span>
     <span class='ocr_line' id='line_1_14' title="bbox 94 1615 1026 1704; baseline 0.001 -23"><span class='ocrx_word' id='word_1_85' title='bbox 94 1615 273 1681; x_wconf 80' lang='lat' dir='ltr'><strong>Custodes:</strong></span> <span class='ocrx_word' id='word_1_86' title='bbox 294 1615 359 1680; x_wconf 85' lang='lat' dir='ltr'><strong>heu</strong></span> <span class='ocrx_word' id='word_1_87' title='bbox 379 1617 443 1682; x_wconf 89' lang='lat' dir='ltr'><strong>heu</strong></span> <span class='ocrx_word' id='word_1_88' title='bbox 463 1640 551 1684; x_wconf 87' lang='lat' dir='ltr'><strong>nuno</strong></span> <span class='ocrx_word' id='word_1_89' title='bbox 571 1641 701 1704; x_wconf 87' lang='lat' dir='ltr'><strong>premor</strong></span> <span class='ocrx_word' id='word_1_90' title='bbox 722 1623 789 1684; x_wconf 76' lang='lat' dir='ltr'><strong>urbe</strong></span> <span class='ocrx_word' id='word_1_91' title='bbox 810 1642 891 1686; x_wconf 80' lang='lat' dir='ltr'><strong>mea.</strong></span> <span class='ocrx_word' id='word_1_92' title='bbox 994 1633 1026 1682; x_wconf 88' lang='lat'><strong>10</strong></span> 
     </span>
     <span class='ocr_line' id='line_1_15' title="bbox 43 1700 890 1788; baseline 0.004 -22"><span class='ocrx_word' id='word_1_93' title='bbox 43 1701 196 1784; x_wconf 85' lang='lat' dir='ltr'><strong>Fingere</strong></span> <span class='ocrx_word' id='word_1_94' title='bbox 216 1703 294 1765; x_wconf 71' lang='lat' dir='ltr'><strong>tuno</strong></span> <span class='ocrx_word' id='word_1_95' title='bbox 316 1700 428 1766; x_wconf 76' lang='lat' dir='ltr'>didicit</span> <span class='ocrx_word' id='word_1_96' title='bbox 449 1724 576 1787; x_wconf 78' lang='lat' dir='ltr'><strong>causas,</strong></span> <span class='ocrx_word' id='word_1_97' title='bbox 598 1707 635 1768; x_wconf 80' lang='lat' dir='ltr'><strong>ub</strong></span> <span class='ocrx_word' id='word_1_98' title='bbox 656 1704 725 1768; x_wconf 79' lang='lat' dir='ltr'><strong>solo</strong></span> <span class='ocrx_word' id='word_1_99' title='bbox 746 1705 890 1788; x_wconf 70' lang='lat' dir='ltr'><strong>cubaret,</strong></span> 
     </span>
     <span class='ocr_line' id='line_1_16' title="bbox 96 1783 840 1872; baseline 0.004 -22"><span class='ocrx_word' id='word_1_100' title='bbox 96 1783 238 1850; x_wconf 76' lang='lat' dir='ltr'><strong>Cardine</strong></span> <span class='ocrx_word' id='word_1_101' title='bbox 259 1788 337 1850; x_wconf 78' lang='lat' dir='ltr'><strong>tuno</strong></span> <span class='ocrx_word' id='word_1_102' title='bbox 357 1787 457 1851; x_wconf 74' lang='lat' dir='ltr'><strong>tacito</strong></span> <span class='ocrx_word' id='word_1_103' title='bbox 479 1791 602 1852; x_wconf 77' lang='lat' dir='ltr'><strong>verbere</strong></span> <span class='ocrx_word' id='word_1_104' title='bbox 623 1810 718 1872; x_wconf 89' lang='lat' dir='ltr'><strong>posse</strong></span> <span class='ocrx_word' id='word_1_105' title='bbox 739 1790 840 1853; x_wconf 87' lang='lat' dir='ltr'><strong>fores:</strong></span> 
     </span>
     <span class='ocr_line' id='line_1_17' title="bbox 46 1869 907 1956; baseline 0.005 -22"><span class='ocrx_word' id='word_1_106' title='bbox 46 1869 148 1952; x_wconf 77' lang='lat' dir='ltr'><strong>Tune</strong></span> <span class='ocrx_word' id='word_1_107' title='bbox 169 1890 262 1934; x_wconf 81' lang='lat' dir='ltr'><strong>sucos</strong></span> <span class='ocrx_word' id='word_1_108' title='bbox 282 1869 461 1954; x_wconf 87' lang='lat' dir='ltr'><strong>herbasque</strong></span> <span class='ocrx_word' id='word_1_109' title='bbox 483 1871 570 1955; x_wconf 88' lang='lat' dir='ltr'><strong>dedi,</strong></span> <span class='ocrx_word' id='word_1_110' title='bbox 593 1873 664 1956; x_wconf 88' lang='lat' dir='ltr'><strong>quis</strong></span> <span class='ocrx_word' id='word_1_111' title='bbox 685 1873 768 1937; x_wconf 85' lang='lat' dir='ltr'><strong>livor</strong></span> <span class='ocrx_word' id='word_1_112' title='bbox 790 1873 907 1956; x_wconf 71' lang='lat' dir='ltr'><strong>abusi,</strong></span> 
     </span>
     <span class='ocr_line' id='line_1_18' title="bbox 98 1953 860 2040; baseline 0.007 -23"><span class='ocrx_word' id='word_1_113' title='bbox 98 1953 202 2029; x_wconf 75' lang='lat' dir='ltr'><strong>Quem</strong></span> <span class='ocrx_word' id='word_1_114' title='bbox 223 1954 303 2018; x_wconf 77' lang='lat' dir='ltr'><strong>fucit</strong></span> <span class='ocrx_word' id='word_1_115' title='bbox 323 1955 469 2040; x_wconf 86' lang='lat' dir='ltr'><strong>inpresso</strong></span> <span class='ocrx_word' id='word_1_116' title='bbox 490 1959 602 2020; x_wconf 76' lang='lat' dir='ltr'><strong>mubuu</strong></span> <span class='ocrx_word' id='word_1_117' title='bbox 623 1957 719 2022; x_wconf 71' lang='lat' dir='ltr'><strong>dente</strong></span> <span class='ocrx_word' id='word_1_118' title='bbox 740 1956 860 2022; x_wconf 87' lang='lat' dir='ltr'><strong>Venus.</strong></span> 
     </span>
     <span class='ocr_line' id='line_1_19' title="bbox 50 2037 1026 2126; baseline 0.001 -23"><span class='ocrx_word' id='word_1_119' title='bbox 50 2039 103 2103; x_wconf 75' lang='lat' dir='ltr'><strong>As</strong></span> <span class='ocrx_word' id='word_1_120' title='bbox 123 2040 175 2122; x_wconf 77' lang='lat' dir='ltr'><strong>tu,</strong></span> <span class='ocrx_word' id='word_1_121' title='bbox 196 2037 320 2103; x_wconf 83' lang='lat' dir='ltr'><strong>fallacis</strong></span> <span class='ocrx_word' id='word_1_122' title='bbox 343 2040 483 2105; x_wconf 82' lang='lat' dir='ltr'><strong>coniunx</strong></span> <span class='ocrx_word' id='word_1_123' title='bbox 504 2041 631 2106; x_wconf 75' lang='lat' dir='ltr'><strong>incaute</strong></span> <span class='ocrx_word' id='word_1_124' title='bbox 652 2042 795 2126; x_wconf 82' lang='lat' dir='ltr'><strong>puellus,</strong></span> <span class='ocrx_word' id='word_1_125' title='bbox 993 2052 1026 2104; x_wconf 83' lang='lat'><strong>15</strong></span> 
     </span>
     <span class='ocr_line' id='line_1_20' title="bbox 98 2121 845 2210; baseline 0.009 -25"><span class='ocrx_word' id='word_1_126' title='bbox 98 2121 154 2186; x_wconf 86' lang='lat' dir='ltr'><strong>Me</strong></span> <span class='ocrx_word' id='word_1_127' title='bbox 176 2143 300 2206; x_wconf 89' lang='lat' dir='ltr'><strong>quoque</strong></span> <span class='ocrx_word' id='word_1_128' title='bbox 323 2128 465 2209; x_wconf 78' lang='lat' dir='ltr'><strong>servabo,</strong></span> <span class='ocrx_word' id='word_1_129' title='bbox 487 2130 599 2210; x_wconf 76' lang='lat' dir='ltr'><strong>peccet</strong></span> <span class='ocrx_word' id='word_1_130' title='bbox 619 2129 656 2190; x_wconf 73' lang='lat' dir='ltr'><strong>ut</strong></span> <span class='ocrx_word' id='word_1_131' title='bbox 677 2125 733 2190; x_wconf 80' lang='lat' dir='ltr'><strong>illu</strong></span> <span class='ocrx_word' id='word_1_132' title='bbox 753 2125 845 2192; x_wconf 88' lang='lat' dir='ltr'><strong>nihil.</strong></span> 
     </span>
     <span class='ocr_line' id='line_1_21' title="bbox 53 2207 897 2296; baseline 0.005 -24"><span class='ocrx_word' id='word_1_133' title='bbox 53 2207 131 2273; x_wconf 90' lang='lat' dir='ltr'><strong>Neu</strong></span> <span class='ocrx_word' id='word_1_134' title='bbox 151 2207 281 2271; x_wconf 85' lang='lat' dir='ltr'><strong>iuvenes</strong></span> <span class='ocrx_word' id='word_1_135' title='bbox 304 2208 443 2274; x_wconf 68' lang='lat' dir='ltr'><strong>celebret</strong></span> <span class='ocrx_word' id='word_1_136' title='bbox 462 2211 564 2274; x_wconf 74' lang='lat' dir='ltr'><strong>multo</strong></span> <span class='ocrx_word' id='word_1_137' title='bbox 587 2233 747 2295; x_wconf 86' lang='lat' dir='ltr'><strong>sermone,</strong></span> <span class='ocrx_word' id='word_1_138' title='bbox 770 2214 897 2296; x_wconf 81' lang='lat' dir='ltr'><strong>ouvetO,</strong></span> 
     </span>
     <span class='ocr_line' id='line_1_22' title="bbox 99 2290 773 2380; baseline 0.006 -24"><span class='ocrx_word' id='word_1_139' title='bbox 99 2290 189 2356; x_wconf 87' lang='lat' dir='ltr'><strong>Neve</strong></span> <span class='ocrx_word' id='word_1_140' title='bbox 211 2292 306 2356; x_wconf 74' lang='lat' dir='ltr'><strong>oubeb</strong></span> <span class='ocrx_word' id='word_1_141' title='bbox 326 2293 399 2357; x_wconf 86' lang='lat' dir='ltr'><strong>laxo</strong></span> <span class='ocrx_word' id='word_1_142' title='bbox 420 2299 532 2378; x_wconf 71' lang='lat' dir='ltr'><strong>peetus</strong></span> <span class='ocrx_word' id='word_1_143' title='bbox 554 2299 665 2380; x_wconf 67' lang='lat' dir='ltr'><strong>apetie</strong></span> <span class='ocrx_word' id='word_1_144' title='bbox 686 2296 773 2379; x_wconf 87' lang='lat' dir='ltr'><strong>sinu,</strong></span> 
     </span>
     <span class='ocr_line' id='line_1_23' title="bbox 56 2375 826 2464; baseline 0.005 -23"><span class='ocrx_word' id='word_1_145' title='bbox 56 2375 132 2441; x_wconf 89' lang='lat' dir='ltr'><strong>Neu</strong></span> <span class='ocrx_word' id='word_1_146' title='bbox 152 2379 184 2439; x_wconf 75' lang='lat' dir='ltr'><strong>be</strong></span> <span class='ocrx_word' id='word_1_147' title='bbox 205 2375 344 2459; x_wconf 76' lang='lat' dir='ltr'><strong>decipiat</strong></span> <span class='ocrx_word' id='word_1_148' title='bbox 364 2381 459 2461; x_wconf 78' lang='lat' dir='ltr'><strong>nutu,</strong></span> <span class='ocrx_word' id='word_1_149' title='bbox 482 2378 514 2443; x_wconf 90' lang='lat' dir='ltr'><strong>di</strong></span> <span class='ocrx_word' id='word_1_150' title='bbox 541 2381 646 2464; x_wconf 76' lang='lat' dir='ltr'><strong>&#39;toque</strong></span> <span class='ocrx_word' id='word_1_151' title='bbox 667 2380 826 2464; x_wconf 86' lang='lat' dir='ltr'><strong>liquorem</strong></span> 
     </span>
     <span class='ocr_line' id='line_1_24' title="bbox 101 2459 1025 2530; baseline 0.002 -5"><span class='ocrx_word' id='word_1_152' title='bbox 101 2459 152 2525; x_wconf 88' lang='lat' dir='ltr'><strong>Ne</strong></span> <span class='ocrx_word' id='word_1_153' title='bbox 171 2459 278 2523; x_wconf 74' lang='lat' dir='ltr'><strong>trshab</strong></span> <span class='ocrx_word' id='word_1_154' title='bbox 300 2464 333 2525; x_wconf 75' lang='lat' dir='ltr'><strong>eb</strong></span> <span class='ocrx_word' id='word_1_155' title='bbox 353 2483 482 2528; x_wconf 84' lang='lat' dir='ltr'><strong>mensae</strong></span> <span class='ocrx_word' id='word_1_156' title='bbox 526 2468 602 2529; x_wconf 77' lang='lat' dir='ltr'><strong>ucat</strong></span> <span class='ocrx_word' id='word_1_157' title='bbox 622 2466 658 2530; x_wconf 93' lang='lat' dir='ltr'><strong>in</strong></span> <span class='ocrx_word' id='word_1_158' title='bbox 680 2466 756 2530; x_wconf 87' lang='lat' dir='ltr'><strong>orbe</strong></span> <span class='ocrx_word' id='word_1_159' title='bbox 777 2469 882 2530; x_wconf 75' lang='lat' dir='ltr'><strong>nobas.</strong></span> <span class='ocrx_word' id='word_1_160' title='bbox 991 2479 1025 2527; x_wconf 82' lang='lat'><strong>20</strong></span> 
     </span>
     <span class='ocr_line' id='line_1_25' title="bbox 59 2543 1025 2634; baseline 0.002 -26"><span class='ocrx_word' id='word_1_161' title='bbox 59 2543 175 2628; x_wconf 84' lang='lat' dir='ltr'><strong>Saepe,</strong></span> <span class='ocrx_word' id='word_1_162' title='bbox 195 2545 282 2609; x_wconf 75' lang='lat' dir='ltr'><strong>velut</strong></span> <span class='ocrx_word' id='word_1_163' title='bbox 302 2567 446 2630; x_wconf 84' lang='lat' dir='ltr'><strong>gemmas</strong></span> <span class='ocrx_word' id='word_1_164' title='bbox 468 2548 536 2612; x_wconf 83' lang='lat' dir='ltr'><strong>eius</strong></span> <span class='ocrx_word' id='word_1_165' title='bbox 558 2551 726 2634; x_wconf 84' lang='lat' dir='ltr'><strong>signumve</strong></span> <span class='ocrx_word' id='word_1_166' title='bbox 748 2550 934 2633; x_wconf 83' lang='lat' dir='ltr'><strong>probarem,</strong></span> <span class='ocrx_word' id='word_1_167' title='bbox 990 2563 1025 2610; x_wconf 81' lang='lat'><strong>25</strong></span> 
     </span>
     <span class='ocr_line' id='line_1_26' title="bbox 104 2627 871 2718; baseline 0.009 -27"><span class='ocrx_word' id='word_1_168' title='bbox 104 2627 163 2692; x_wconf 86' lang='lat' dir='ltr'><strong>Per</strong></span> <span class='ocrx_word' id='word_1_169' title='bbox 183 2650 310 2692; x_wconf 82' lang='lat' dir='ltr'><strong>eausam</strong></span> <span class='ocrx_word' id='word_1_170' title='bbox 330 2632 464 2695; x_wconf 89' lang='lat' dir='ltr'><strong>memini</strong></span> <span class='ocrx_word' id='word_1_171' title='bbox 484 2655 537 2697; x_wconf 91' lang='lat' dir='ltr'><strong>me</strong></span> <span class='ocrx_word' id='word_1_172' title='bbox 557 2635 703 2718; x_wconf 75' lang='lat' dir='ltr'><strong>tetigisse</strong></span> <span class='ocrx_word' id='word_1_173' title='bbox 725 2655 871 2698; x_wconf 84' lang='lat' dir='ltr'><strong>manum:</strong></span> 
     </span>
     <span class='ocr_line' id='line_1_27' title="bbox 62 2713 982 2801; baseline 0.004 -23"><span class='ocrx_word' id='word_1_174' title='bbox 62 2713 160 2796; x_wconf 82' lang='lat' dir='ltr'><strong>Saepe</strong></span> <span class='ocrx_word' id='word_1_175' title='bbox 179 2735 266 2778; x_wconf 87' lang='lat' dir='ltr'><strong>mero</strong></span> <span class='ocrx_word' id='word_1_176' title='bbox 289 2735 437 2779; x_wconf 88' lang='lat' dir='ltr'><strong>somnum</strong></span> <span class='ocrx_word' id='word_1_177' title='bbox 458 2739 498 2799; x_wconf 88' lang='lat' dir='ltr'><strong>pe</strong></span> <span class='ocrx_word' id='word_1_178' title='bbox 523 2719 569 2781; x_wconf 89' lang='lat' dir='ltr'><strong>eri</strong></span> <span class='ocrx_word' id='word_1_179' title='bbox 589 2717 664 2801; x_wconf 76' lang='lat' dir='ltr'><strong>tibi,</strong></span> <span class='ocrx_word' id='word_1_180' title='bbox 687 2718 811 2800; x_wconf 75' lang='lat' dir='ltr'><strong>etipse</strong></span> <span class='ocrx_word' id='word_1_181' title='bbox 833 2717 982 2782; x_wconf 76' lang='lat' dir='ltr'><strong>bibebam</strong></span> 
     </span>
     <span class='ocr_line' id='line_1_28' title="bbox 106 2739 772 2886; baseline 0.008 -26"><span class='ocrx_word' id='word_1_182' title='bbox 106 2795 213 2862; x_wconf 82' lang='lat' dir='ltr'><strong>Sobria</strong></span> <span class='ocrx_word' id='word_1_183' title='bbox 234 2800 401 2883; x_wconf 76' lang='lat' dir='ltr'><strong>supposita</strong></span> <span class='ocrx_word' id='word_1_184' title='bbox 421 2739 537 2884; x_wconf 73' lang='lat' dir='ltr'><strong>poeuis</strong></span> <span class='ocrx_word' id='word_1_185' title='bbox 557 2802 660 2865; x_wconf 76' lang='lat' dir='ltr'><strong>viobor</strong></span> <span class='ocrx_word' id='word_1_186' title='bbox 682 2823 772 2886; x_wconf 82' lang='lat' dir='ltr'><strong>aqua.</strong></span> 
     </span>
     <span class='ocr_line' id='line_1_29' title="bbox 63 2881 848 2968; baseline 0.004 -21"><span class='ocrx_word' id='word_1_187' title='bbox 63 2881 138 2947; x_wconf 87' lang='lat' dir='ltr'><strong>Non</strong></span> <span class='ocrx_word' id='word_1_188' title='bbox 158 2903 214 2966; x_wconf 85' lang='lat' dir='ltr'><strong>ego</strong></span> <span class='ocrx_word' id='word_1_189' title='bbox 235 2885 269 2946; x_wconf 76' lang='lat' dir='ltr'><strong>ie</strong></span> <span class='ocrx_word' id='word_1_190' title='bbox 290 2883 370 2948; x_wconf 85' lang='lat' dir='ltr'><strong>laesi</strong></span> <span class='ocrx_word' id='word_1_191' title='bbox 392 2884 547 2968; x_wconf 87' lang='lat' dir='ltr'><strong>prudens:</strong></span> <span class='ocrx_word' id='word_1_192' title='bbox 570 2886 582 2949; x_wconf 92' lang='lat' dir='ltr'><strong>i</strong></span> <span class='ocrx_word' id='word_1_193' title='bbox 629 2907 702 2950; x_wconf 83' lang='lat' dir='ltr'><strong>osee</strong></span> <span class='ocrx_word' id='word_1_194' title='bbox 724 2885 848 2950; x_wconf 75' lang='lat' dir='ltr'><strong>fatenti.</strong></span> 
     </span>
     <span class='ocr_line' id='line_1_30' title="bbox 107 2964 1026 3051; baseline 0.003 -22"><span class='ocrx_word' id='word_1_195' title='bbox 107 2964 197 3030; x_wconf 72' lang='lat' dir='ltr'><strong>Iussit</strong></span> <span class='ocrx_word' id='word_1_196' title='bbox 216 2967 333 3032; x_wconf 63' lang='lat' dir='ltr'><strong>Amori</strong></span> <span class='ocrx_word' id='word_1_197' title='bbox 356 2972 468 3032; x_wconf 74' lang='lat' dir='ltr'><strong>contra</strong></span> <span class='ocrx_word' id='word_1_198' title='bbox 490 2969 561 3051; x_wconf 89' lang='lat' dir='ltr'><strong>quis</strong></span> <span class='ocrx_word' id='word_1_199' title='bbox 597 2972 666 3033; x_wconf 79' lang='lat' dir='ltr'><strong>erab</strong></span> <span class='ocrx_word' id='word_1_200' title='bbox 686 2991 775 3033; x_wconf 81' lang='lat' dir='ltr'><strong>arms</strong></span> <span class='ocrx_word' id='word_1_201' title='bbox 797 2968 897 3034; x_wconf 82' lang='lat' dir='ltr'><strong>deos?</strong></span> <span class='ocrx_word' id='word_1_202' title='bbox 990 2982 1026 3032; x_wconf 84' lang='grc' dir='ltr'><strong>3ο</strong></span> 
     </span>
     <span class='ocr_line' id='line_1_31' title="bbox 64 3050 940 3139; baseline 0.003 -24"><span class='ocrx_word' id='word_1_203' title='bbox 64 3050 123 3115; x_wconf 89' lang='lat' dir='ltr'><strong>Ille</strong></span> <span class='ocrx_word' id='word_1_204' title='bbox 143 3072 197 3134; x_wconf 84' lang='lat' dir='ltr'><strong>ego</strong></span> <span class='ocrx_word' id='word_1_205' title='bbox 220 3073 305 3136; x_wconf 73' lang='lat' dir='ltr'><strong>sum,</strong></span> <span class='ocrx_word' id='word_1_206' title='bbox 326 3074 387 3117; x_wconf 87' lang='lat' dir='ltr'><strong>neo</strong></span> <span class='ocrx_word' id='word_1_207' title='bbox 408 3075 460 3117; x_wconf 88' lang='lat' dir='ltr'><strong>me</strong></span> <span class='ocrx_word' id='word_1_208' title='bbox 481 3054 546 3118; x_wconf 82' lang='lat' dir='ltr'><strong>ism</strong></span> <span class='ocrx_word' id='word_1_209' title='bbox 569 3053 672 3118; x_wconf 82' lang='lat' dir='ltr'><strong>dicere</strong></span> <span class='ocrx_word' id='word_1_210' title='bbox 694 3075 770 3119; x_wconf 81' lang='lat' dir='ltr'><strong>vera</strong></span> <span class='ocrx_word' id='word_1_211' title='bbox 790 3052 940 3139; x_wconf 81' lang='lat' dir='ltr'><strong>pudebib,</strong></span> 
     </span>
     <span class='ocr_line' id='line_1_32' title="bbox 108 3133 723 3202; baseline 0.008 -5"><span class='ocrx_word' id='word_1_212' title='bbox 108 3133 246 3199; x_wconf 72' lang='lat' dir='ltr'><strong>Insbabab</strong></span> <span class='ocrx_word' id='word_1_213' title='bbox 266 3139 336 3201; x_wconf 75' lang='lat' dir='ltr'><strong>tots</strong></span> <span class='ocrx_word' id='word_1_214' title='bbox 358 3139 409 3202; x_wconf 87' lang='lat' dir='ltr'><strong>oui</strong></span> <span class='ocrx_word' id='word_1_215' title='bbox 430 3141 487 3202; x_wconf 75' lang='lat' dir='ltr'><strong>tua</strong></span> <span class='ocrx_word' id='word_1_216' title='bbox 508 3141 602 3202; x_wconf 75' lang='lat' dir='ltr'><strong>nocie</strong></span> <span class='ocrx_word' id='word_1_217' title='bbox 625 3139 723 3202; x_wconf 82' lang='lat' dir='ltr'><strong>oanis.</strong></span> 
     </span>
     <span class='ocr_line' id='line_1_33' title="bbox 65 3218 1025 3306; baseline 0.003 -23"><span class='ocrx_word' id='word_1_218' title='bbox 65 3218 169 3283; x_wconf 76' lang='lat' dir='ltr'><strong>Exibit</strong></span> <span class='ocrx_word' id='word_1_219' title='bbox 189 3241 283 3302; x_wconf 84' lang='lat' dir='ltr'><strong>quam</strong></span> <span class='ocrx_word' id='word_1_220' title='bbox 305 3243 413 3306; x_wconf 85' lang='lat' dir='ltr'><strong>saepe,</strong></span> <span class='ocrx_word' id='word_1_221' title='bbox 436 3224 529 3305; x_wconf 73' lang='lat' dir='ltr'><strong>bime,</strong></span> <span class='ocrx_word' id='word_1_222' title='bbox 552 3245 608 3287; x_wconf 87' lang='lat' dir='ltr'><strong>seu</strong></span> <span class='ocrx_word' id='word_1_223' title='bbox 630 3223 732 3288; x_wconf 85' lang='lat' dir='ltr'><strong>visere</strong></span> <span class='ocrx_word' id='word_1_224' title='bbox 754 3223 840 3288; x_wconf 77' lang='lat' dir='ltr'><strong>dicet</strong></span> <span class='ocrx_word' id='word_1_225' title='bbox 990 3235 1025 3286; x_wconf 79' lang='lat'><strong>21</strong></span> 
     </span>
     <span class='ocr_line' id='line_1_34' title="bbox 109 3301 855 3393; baseline 0.011 -27"><span class='ocrx_word' id='word_1_226' title='bbox 109 3301 195 3367; x_wconf 79' lang='lat' dir='ltr'>Sacra</span> <span class='ocrx_word' id='word_1_227' title='bbox 215 3304 320 3370; x_wconf 85' lang='lat' dir='ltr'><strong>bonae</strong></span> <span class='ocrx_word' id='word_1_228' title='bbox 342 3308 483 3372; x_wconf 81' lang='lat' dir='ltr'><strong>maribus</strong></span> <span class='ocrx_word' id='word_1_229' title='bbox 504 3329 573 3373; x_wconf 92' lang='lat' dir='ltr'><strong>non</strong></span> <span class='ocrx_word' id='word_1_230' title='bbox 595 3308 740 3374; x_wconf 82' lang='lat' dir='ltr'><strong>adeunda</strong></span> <span class='ocrx_word' id='word_1_231' title='bbox 763 3309 855 3393; x_wconf 86' lang='lat' dir='ltr'><strong>dese,</strong></span> 
     </span>
    </p>
   </div>
   <div class='ocr_carea' id='block_1_6' title="bbox 403 3425 669 3514">
    <p class='ocr_par' dir='ltr' id='par_1_6' title="bbox 403 3425 669 3514">
     <span class='ocr_line' id='line_1_35' title="bbox 403 3425 669 3467; baseline 0.008 -2"><span class='ocrx_word' id='word_1_232' title='bbox 403 3425 421 3465; x_wconf 65' lang='lat' dir='ltr'><strong><em>t</em></strong></span> <span class='ocrx_word' id='word_1_233' title='bbox 650 3427 669 3467; x_wconf 57' lang='lat' dir='ltr'><strong><em>t</em></strong></span> 
     </span>
     <span class='ocr_line' id='line_1_36' title="bbox 526 3475 544 3514; baseline 0 0"><span class='ocrx_word' id='word_1_234' title='bbox 526 3475 544 3514; x_wconf 66' lang='lat'><em>8</em></span> 
     </span>
    </p>
   </div>
   <div class='ocr_carea' id='block_1_7' title="bbox 70 3540 905 3630">
    <p class='ocr_par' dir='ltr' id='par_1_7' title="bbox 70 3540 905 3630">
     <span class='ocr_line' id='line_1_37' title="bbox 70 3540 905 3630; baseline 0.005 -24"><span class='ocrx_word' id='word_1_235' title='bbox 70 3542 115 3606; x_wconf 76' lang='lat' dir='ltr'><strong>Ab</strong></span> <span class='ocrx_word' id='word_1_236' title='bbox 131 3540 201 3604; x_wconf 87' lang='lat' dir='ltr'><strong>nihi</strong></span> <span class='ocrx_word' id='word_1_237' title='bbox 223 3543 251 3608; x_wconf 88' lang='lat' dir='ltr'><strong>si</strong></span> <span class='ocrx_word' id='word_1_238' title='bbox 273 3544 382 3630; x_wconf 77' lang='lat' dir='ltr'><strong>sedas,</strong></span> <span class='ocrx_word' id='word_1_239' title='bbox 406 3545 495 3608; x_wconf 82' lang='lat' dir='ltr'><strong>illum</strong></span> <span class='ocrx_word' id='word_1_240' title='bbox 518 3567 632 3629; x_wconf 81' lang='lat' dir='ltr'><strong>sequar</strong></span> <span class='ocrx_word' id='word_1_241' title='bbox 652 3567 735 3610; x_wconf 83' lang='lat' dir='ltr'><strong>unus</strong></span> <span class='ocrx_word' id='word_1_242' title='bbox 757 3546 798 3610; x_wconf 80' lang='lat' dir='ltr'><strong>od</strong></span> <span class='ocrx_word' id='word_1_243' title='bbox 819 3566 905 3610; x_wconf 83' lang='lat' dir='ltr'><strong>eras:</strong></span> 
     </span>
    </p>
   </div>
   <div class='ocr_carea' id='block_1_8' title="bbox 0 0 1240 4036">
    <p class='ocr_par' dir='ltr' id='par_1_8' title="bbox 0 0 1240 4036">
     <span class='ocr_line' id='line_1_38' title="bbox 0 0 1240 4036; baseline 0 0"><span class='ocrx_word' id='word_1_244' title='bbox 0 0 1240 4036; x_wconf 95' lang='lat' dir='ltr'><strong> </strong></span> 
     </span>
    </p>
   </div>
  </div>
 </body>
</html>
