2444 4056
67 421 187 485 tione.
223 421 282 511 ἱΑ1
308 419 393 484 idem
421 418 540 502 legitur
566 420 602 482 in
629 419 698 485 eod.
728 417 916 485 Monacensi
947 419 1051 486 18059

68 543 101 586 s.
130 519 200 586 ΧΠ
220 520 327 585 addito
349 519 410 584 hoo
436 519 533 584 titulo
556 519 716 604 ‘priapeia
736 520 880 586 Maronis
907 519 1048 604 incipit!

70 622 190 687 Huius
219 621 393 704 scripturas
421 620 460 684 ad
494 619 696 684 Lachmanni
725 622 887 704 exemplar
915 621 1049 687 00110100

70 723 215 806 propria
228 741 326 786 manu
342 720 523 786 transmisit
537 719 617 786 mihi
632 721 765 786 Carolus
779 719 937 804 Halmius,
960 724 1049 786 ouius

70 823 203 906 legitur
229 825 265 886 in
291 821 400 886 fronte
427 821 522 886 huius
550 821 700 886 editionis
728 841 856 886 nomen.
901 819 1050 888 Ceterum

72 925 248 1006 utriusque
275 920 482 986 membranae
510 921 663 986 lectiones
692 921 770 986 adeo
800 923 887 985 inter
914 941 947 984 se
975 927 1051 986 sunt

73 1023 214 1105 similes,
237 1041 304 1086 non
327 1025 363 1084 ut
385 1041 479 1084 ovum
492 1021 597 1106 magis
612 1022 656 1086 sit
675 1041 744 1086 ovo.
781 1020 907 1086 Horum
921 1023 1051 1105 quidem

76 1123 224 1208 cognitis
251 1121 444 1186 lectionibus
474 1141 511 1186 eo
539 1121 643 1206 magis
672 1120 866 1188 Ouiaoianus
894 1121 1051 1206 Scaligeri

76 1224 165 1288 liber
186 1224 309 1307 quantu
322 1221 438 1286 fuisset
452 1222 650 1305 praestantia
664 1223 758 1287 nobis
773 1223 932 1307 apparuit.
969 1221 1052 1290 Sunt

79 1325 172 1390 enim
203 1343 357 1406 conpares
384 1321 486 1386 ferme
514 1322 604 1387 libris
632 1343 714 1388 0000.
738 1321 799 1388 XV
821 1328 855 1388 et
881 1344 919 1388 ex
941 1323 1051 1387 eodem

78 1426 180 1508 plane
195 1445 257 1508 quo
279 1423 326 1488 illi
342 1422 433 1488 fonte
448 1422 592 1505 deducti,
615 1423 700 1488 unde
715 1427 748 1488 et
763 1445 813 1488 vv.
832 1425 880 1488 17.
900 1424 938 1490 18
953 1423 1051 1488 simili

79 1526 177 1590 modo
193 1523 324 1589 00011011
344 1543 405 1606 quo
428 1521 463 1586 in
484 1522 548 1590 illis
569 1522 716 1589 turbatos
737 1525 836 1590 fuisse
859 1525 986 1590 eosdem
1000 1523 1051 1589 vel

80 1627 203 1690 seimus
214 1623 363 1689 00110101
377 1623 587 1708 probabiliter
598 1625 824 1690 coniectamus.
857 1624 951 1691 Vnde
966 1625 1051 1689 haud

80 1747 162 1791 sane
184 1745 322 1809 magnus
343 1745 419 1790 usus
446 1725 707 1789 membranarum
728 1746 838 1789 earum
865 1725 957 1789 nobis
988 1725 1051 1788 fuit

80 1828 124 1891 ad
150 1825 349 1890 emendanda
371 1824 470 1888 verba
492 1823 623 1887 Tibulli.

149 1927 196 1990 At
215 1928 250 1990 in
273 1925 373 2010 elegis
394 1923 535 1988 eiusdem
550 1924 690 1988 auctoris
712 1927 840 2007 praesto
860 1923 950 1988 fuere
971 1924 1052 1990 mihi

81 2031 236 2110 excerpta
260 2026 377 2091 oodiois
400 2025 618 2110 Frisingensis
633 2025 671 2090 (10
694 2045 756 2108 quo
782 2025 913 2108 plurimi
935 2047 1052 2090 memo-

82 2149 206 2192 ravero.
256 2126 306 2191 Ea
340 2147 403 2210 qua
434 2148 496 2210 par
523 2135 593 2190 erat
619 2147 696 2191 eura
723 2148 743 2190 a
770 2127 863 2190 nobis
892 2128 1052 2210 descripta

83 2268 128 2280 -
148 2250 224 2292 nam
245 2226 417 2292 Monaohio
438 2231 532 2292 erant
552 2228 761 2292 transmissae
782 2228 987 2293 membranae
1013 2265 1049 2275 -

86 2330 124 2393 in
139 2327 342 2411 praefatione
357 2326 476 2392 Tibulli
492 2327 683 2392 exhibentur
703 2328 843 2411 integra.
881 2328 1053 2394 Praeterea

85 2430 179 2512 siqua
211 2428 305 2492 aliter
332 2430 427 2511 atque
460 2426 495 2490 in
525 2427 726 2492 Lachmanni
759 2428 898 2493 editione
929 2428 1053 2494 factum

87 2528 249 2594 inveneris
276 2530 390 2592 notata
416 2527 455 2592 de
483 2526 646 2592 oodioibus
668 2549 688 2592 a
710 2527 873 2612 Scaligero
900 2527 1052 2593 adhibitis

87 2633 126 2694 in
147 2629 352 2694 emendandis
374 2628 463 2692 Albii
489 2627 598 2711 libris,
628 2649 665 2693 ea
696 2627 776 2693 00110
802 2651 853 2694 100
881 2631 1053 2715 sumpsisse

91 2752 131 2795 ex
150 2729 357 2811 Franckenii,
381 2728 575 2793 Professoris
598 2729 818 2814 Groningani,
847 2729 956 2796 libello
977 2753 1053 2814 quo·

91 2832 163 2895 dam
190 2831 228 2894 de
255 2851 317 2913 quo
348 2831 383 2893 in
405 2829 524 2894 Tibulli
551 2830 752 2915 praefatione
780 2831 913 2896 dicetur.
962 2830 1052 2896 Idem

92 2952 210 3015 magna
225 2951 297 2994 00111
320 2931 520 2994 humanitate
536 2930 728 3013 aliquotiens
741 2951 800 2994 nos
816 2931 999 2996 dubitantes
1014 2933 1052 2997 de

92 3031 256 3114 scripturis
273 3031 392 3095 oodiois
413 3029 573 3112 Propertii
589 3029 776 3114 Groningue
791 3030 845 3114 qui
868 3032 1054 3096 adservatur

95 3132 241 3196 firmavit.
271 3129 417 3214 Denique
431 3129 632 3195 Guelferbito
655 3129 781 3196 adlatae
804 3131 934 3196 adfuere
956 3153 1053 3196 mem-

95 3233 213 3296 branae
234 3229 469 3315 Neapolitanae
491 3229 654 3312 inquibus
671 3231 730 3294 etsi
752 3231 945 3314 paucissima
961 3236 1053 3296 erant

95 3333 216 3413 relicta,
241 3353 322 3415 quae
344 3331 547 3397 Lachmanni
569 3335 602 3394 et
623 3329 830 3414 Hertzbsrgii
851 3330 1053 3414 diligentiam

96 3433 261 3516 fugissent,
284 3432 364 3497 illud
385 3437 495 3498 tamen
509 3434 547 3494 ut
568 3430 632 3494 ulia
647 3436 772 3496 taoeam
789 3430 944 3495 commodi
966 3429 1053 3492 neoti

97 3555 197 3598 sumus
221 3533 391 3602 collatione
414 3533 518 3600 denuo
538 3530 698 3612 instituta,
721 3532 819 3596 etiam
840 3531 942 3612 magis
958 3549 1054 3610 quam
