2492 4022
202 209 246 276 82
625 212 750 268 LAEVII

121 379 123 384 '
201 376 471 432 Protesilaudamia'
489 393 515 430 e.
552 393 599 430 .s.
621 374 907 444 (‘Protesilaodamia’
924 376 1091 444 Putschiusss
1108 379 1185 433 libri

201 445 331 515 plerique
350 443 519 514 ‘protesilao
532 391 719 510 iaudamia’).
758 442 834 496 Illud
852 443 953 521 {qnie’
976 444 1093 499 dativus
1118 449 1183 512 est;

201 514 351 582 praeterea
366 512 523 564 notandum
538 510 756 579 tetrasyllabum
773 513 970 578 ‘openuntnr'.
1004 512 1045 566 cf.
1058 513 1088 566 d.
1103 531 1127 566 r.
1141 533 1183 567 m.

201 587 260 635 249.
269 579 340 701 taff
360 580 474 634 noctem
495 578 653 648 nuptialem
674 577 825 632 Protesilai
852 580 882 633 et
903 579 1078 634 Laudamiae
1101 580 1183 636 hacc

201 665 268 718 spec
1085 673 1090 676 ·

252 756 294 802 21.
321 747 427 804 Gellius
444 747 510 814 XII,
530 753 575 801 10:
593 746 712 801 Laevius
730 762 858 815 quoque,
875 748 909 802 ut
924 747 1036 817 opinor,
1053 748 1087 802 in
1105 749 1180 802 Pro·

201 815 393 870 tisilaodamia
425 815 680 868 ‘claustritumum'
711 815 795 881 dixit,
825 816 875 882 qui
906 815 1037 869 claustris
1065 815 1179 872 ianuae

221 885 359 950 raeesset,
383 883 485 938 eadem
505 883 615 936 scilicet
630 883 722 950 figura
743 899 801 949 qua
817 882 993 937 aedItnmum
1015 882 1073 936 dici
1092 884 1179 938 vidc-

201 902 264 1018 ξπ,
291 952 341 1018 qni
368 951 486 1005 aedibus
510 951 632 1019 praeest
654 980 688 990 -
708 950 837 1005 Fortasse
859 951 896 1005 de
918 948 1035 1006 custode
1057 950 1178 1005 Lauda-

200 1020 276 1074 miae
294 1019 397 1088 agitur.

252 1134 294 1182 aa.
325 1121 513 1205 gracilenti'
536 1119 686 1184 colorem.

329 1227 368 1270 ex
388 1205 451 1270 hoc
471 1205 632 1290 graoilans
653 1205 699 1268 fit.

251 1306 359 1360 Nonius
375 1321 395 1376 p
416 1346 423 1358 .
442 1309 490 1358 116
508 1321 529 1358 s.
546 1321 573 1359 v.
590 1304 775 1383 gracilitudo:
792 1303 898 1382 llevius
914 1303 1178 1362 Protesilaodamia

201 1376 357 1443 (correxere
385 1323 512 1428 gsannus
544 1372 575 1426 et
600 1372 707 1440 Carrio)
740 1371 904 1440 grac1lentis
934 1373 1069 1439 colorem,
1102 1375 1176 1427 dum

202 1441 311 1511 (‘idem’
328 1440 455 1520 Vossius)
469 1456 505 1494 ex
520 1439 576 1493 hoc
592 1439 732 1510 gracilans
748 1439 789 1492 fit.
804 1440 857 1517 'Ad
869 1439 1053 1495 Laudamiam
1072 1457 1175 1497 amoro

201 1508 325 1564 absentis
343 1509 406 1562 coni
456 1527 469 1561 s
487 1509 645 1562 confectam
655 1507 727 1562 haec
738 1507 1037 1575 pertinentsMetrum
1048 1509 1173 1564 fortasse

199 1575 377 1698 ibenlssquod
396 1576 435 1630 ha
456 1592 486 1630 es
507 1575 538 1628 in
559 1575 690 1644 Sapphus
710 1575 870 1644 fragmento
894 1581 926 1631 51
949 1592 994 1645 ap.
1012 1575 1174 1646 Bergkium

200 1660 245 1700 s.
305 1684 311 1698 .

253 1759 295 1810 23.
326 1769 405 1812 num
426 1747 592 1830 quaepiam
614 1746 676 1809 alia
697 1745 736 1809 de
757 1744 819 1809 Ilio

326 1831 469 1896 Asiatico
492 1833 608 1894 ornatu
630 1829 771 1893 adfluens

328 1919 384 1980 aut
405 1915 559 1980 Sardiano
582 1937 620 1979 ac
640 1912 741 1996 Lydio

326 2001 454 2084 fulgens
478 1999 590 2064 decore
612 2002 645 2063 et
665 1997 770 2082 gratia

296 2083 492 2168 opellicuit?

250 2190 408 2246 Priscianus
424 2209 472 2260 pg.
490 2199 556 2248 877:
573 2191 689 2260 pellicui
706 2209 757 2262 pro
774 2191 890 2262 pellexi.
912 2191 1033 2248 Laevius
1050 2192 1081 2247 in
1092 2193 1168 2248 Lau-

200 2259 296 2314 damia
313 2260 364 2312 aut
380 2275 404 2313 e.
422 2276 449 2326 q.
467 2277 488 2312 s.
523 2260 598 2313 Illud
616 2261 695 2315 ‘aut’
717 2261 750 2314 ut
772 2277 808 2314 ex
831 2278 860 2316 se
881 2262 966 2315 uente
990 2262 1083 2315 ortum
1106 2261 1168 2316 sive

199 2325 417 2448 seam
436 2325 857 2450 ‘arelatenses
875 2327 1168 2450 esserra

199 2461 267 2515 illo'
290 2461 365 2528 edd„
389 2411 513 2530 ‘gtatia’
535 2413 781 2518 lexPVaticanum'
803 2463 833 2516 in
855 2464 888 2516 A.
906 2463 965 2516 Mai
986 2414 1060 2517 auct
1084 2437 1166 2518 class.

199 2529 267 2582 tom.
286 2527 364 2594 VIII,
381 2546 428 2599 pg.
446 2535 509 2596 417,
528 2531 640 2598 ‘gloria’
659 2530 725 2584 libri
739 2530 882 2584 Prisciani.
908 2531 978 2585 Sunt
995 2531 1082 2584 verba
1093 2530 1165 2585 Lau-

201 2595 325 2663 damiae‚
344 2597 379 2650 de
397 2597 516 2668 perfidia
533 2597 630 2651 mariti
647 2599 771 2652 absentis
789 2614 861 2666 quae
879 2598 1046 2667 suspicatur.

252 2712 294 2761 24.
326 2700 471 2783 cupidius
492 2701 643 2765 miserulo
666 2700 765 2765 obitu.

249 2799 407 2855 Priscianus
424 2817 471 2870 pg.
490 2805 553 2855 869:
577 2801 670 2856 obitus
689 2803 705 2856 ὁ
722 2801 847 2864 τεθνεώς
864 2829 898 2840 -·
914 2799 1034 2854 Laevius
1050 2799 1081 2854 in
1098 2799 1164 2854 Pro·

199 2868 299 2924 tesilao
317 2886 341 2924 e.
360 2885 387 2936 q.
405 2887 425 2922 s.
460 2869 502 2923 Do
524 2869 681 2922 Protesilao
704 2869 756 2935 qui
777 2868 877 2938 sponte
900 2883 930 2922 se
954 2867 1058 2922 obtulit
1079 2868 1165 2922 morti

199 2951 251 3004 pro
270 2936 351 2991 Grais
370 2937 472 3006 agitur.
506 2935 630 2991 Metrum
646 2935 794 2990 incertum.

531 3129 833 3199 SIRENOOIROA.

252 3279 294 3330 25.
326 3289 412 3332 nunc
433 3267 560 3332 Laertie
580 3268 664 3332 belle
685 3287 763 3351 para

326 3351 373 3415 ire
395 3351 549 3415 Ithacam.

251 3449 337 3504 Prisc
356 3456 406 3504 739
424 3449 459 3504 de
477 3451 606 3505 vocativo
629 3451 659 3504 in
680 3451 707 3506 lc
729 3453 851 3507 exeunte
873 3467 971 3522 agens:
998 3450 1118 3506 Icarius
1134 3453 1164 3508 in

201 3517 375 3574 Sirenocirca
392 3531 416 3570 e.
429 3531 455 3583 q.
468 3534 489 3570 s.
517 3517 712 3572 ‘Sirenocirca’
730 3518 872 3588 Hertzius,
890 3519 981 3574 sirano
1000 3519 1074 3574 circa
1090 3520 1163 3575 libri.
