2444 4056
183 235 257 284 xxx
561 217 774 274 PRAEFATIO.

184 393 318 451 scribunt
342 389 522 456 atrociora,
548 387 627 462 quod
652 387 762 446 mirum
788 385 950 446 nonnullos
978 385 1144 448 defendisse
1204 380 1208 389 ”

185 475 283 534 Ovidii
296 474 365 533 fast.
382 475 410 546 3,
427 473 498 530 475.
1207 483 1208 488 ’

246 560 286 618 ib.
301 559 360 618 148
375 559 528 616 meminere
542 556 637 616 Iulius
652 555 800 615 Ozwalins
813 556 846 614 in
859 555 1015 615 sententiis
1027 557 1145 614 contro-

184 644 278 701 versis
307 641 523 702 dissertationis
552 641 588 698 de
608 639 760 714 Euripidis
787 639 886 698 studio
916 638 1144 714 aequabilitatis,

185 728 305 786 Bonnae
325 747 351 785 a.
369 728 448 786 1867
472 725 582 798 editae,
602 731 726 784 innuere
751 723 831 798 quod
851 742 867 782 0
887 741 978 784 versu
1000 725 1056 782 146
1072 723 1144 780 irre·

184 812 245 887 psit
258 833 287 872 v.

247 898 288 954 ib.
307 898 366 955 178
381 895 588 954 Idomeneosne
601 893 680 966 Itali,
697 892 864 952 Ydoneosee
877 893 926 951 vel
940 893 1146 964 Idmoeeosque

186 979 222 1053 V,
239 981 275 1038 ef.
292 980 320 1036 d.
335 999 360 1036 r.
377 998 416 1036 m.
434 979 503 1036 275.

247 1065 288 1121 ib.
307 1063 345 1119 17
348 1063 366 1120 9
376 1064 462 1135 porat
476 1060 554 1134 Itali,
564 1065 691 1134 pontem
704 1061 770 1120 cdd.

249 1147 289 1205 ib.
307 1147 367 1205 205
383 1162 438 1218 quo
453 1151 533 1206 neoto
545 1145 685 1220 Heysius,
702 1163 787 1218 quoin
802 1150 872 1206 tunc
884 1143 923 1204 V.

248 1231 290 1288 ib.
307 1231 367 1288 212
383 1235 478 1289 costae
491 1230 570 1301 Itali,
586 1231 672 1289 classi
685 1228 722 1287 V.

248 1315 290 1373 ib.
308 1315 378 1386 216,
395 1315 454 1372 217
472 1312 614 1372 Ordinem
624 1331 769 1376 versuum
780 1316 848 1389 epte
862 1313 1034 1373 immutavit
1047 1310 1147 1372 Aemi-

185 1399 245 1458 lius
260 1397 448 1472 Behreusius,
464 1399 559 1456 bonae
574 1397 637 1472 spei
652 1397 833 1470 adulescens,
846 1398 928 1456 euius
943 1398 1056 1473 aliquot
1069 1413 1148 1454 rece·

187 1484 285 1558 pimus
301 1481 490 1541 coniecturas.

250 1567 291 1624 ib.
309 1567 369 1624 235
384 1566 485 1624 Etiam
498 1566 554 1624 hoo
567 1566 648 1638 loeo,
671 1567 729 1626 nisi
749 1565 897 1642 insignem
912 1565 945 1624 in
959 1566 1081 1624 modum
1096 1563 1147 1620 fal-

188 1653 249 1724 lor,
271 1649 350 1708 docti
364 1650 498 1725 plerique
519 1649 693 1708 auctoritate
708 1649 891 1709 Lachmanni
904 1649 1034 1724 permoti
1049 1647 1147 1708 Catul-

187 1736 252 1794 lum
272 1733 447 1793 fraudavere
468 1734 628 1806 versiculo,
650 1734 702 1810 qui
722 1735 815 1808 siquis
829 1733 905 1792 alius
920 1752 955 1792 eo
971 1733 1078 1808 dignus
1095 1732 1146 1788 est.

188 1820 309 1880 Etenim
323 1819 438 1880 Nonius
452 1839 504 1896 pg.
520 1819 581 1878 546
602 1837 669 1876 cum
683 1818 838 1877 tribuisset
852 1817 969 1876 Catullo
985 1813 1147 1876 Veronensi

189 1906 280 1964 verba
293 1904 365 1962 haec
379 1905 476 1964 Iues'de
490 1921 548 1976 qua
562 1904 690 1976 splendet
703 1903 847 1962 eercieesio
859 1903 940 1969 inni,
961 1901 1147 1976 sagacissime

189 1989 404 2062 perspexerunt
422 1988 555 2045 Faernus
582 1990 614 2043 et
631 1987 781 2059 Muretus,
811 2003 885 2061 quos
909 1985 1033 2059 plurimi
1058 1980 1149 2044 secuti

190 2072 262 2129 sunt
275 2068 379 2140 critici,
394 2068 472 2126 hunc
486 2087 615 2140 versum,
636 2088 725 2144 quem
739 2070 904 2144 pleniorem
919 2069 1006 2126 effert
1019 2069 1148 2127 Isidorus

189 2151 318 2224 XVIIII,
335 2152 363 2224 2,
382 2153 422 2210 10
442 2155 472 2211 et
490 2170 526 2209 ex
546 2170 581 2210 eo
601 2153 729 2227 petitum
749 2152 840 2212 schol.
854 2153 967 2210 Lucani
981 2152 1019 2210 ed
1034 2153 1062 2225 5,
1079 2151 1148 2218 418,

191 2234 359 2294 addendum
380 2253 444 2294 0000
463 2239 532 2310 post
552 2237 622 2294 235.
652 2237 729 2295 Nam
744 2240 868 2312 apparet
880 2236 1045 2310 plurimum
1059 2235 1148 2293 inter·

190 2319 283 2378 fuisse
302 2318 411 2394 Aegei,
434 2321 468 2376 ut
488 2338 603 2378 summa
628 2340 697 2396 pars
722 2321 795 2378 mali
819 2320 1008 2396 potissimum
1028 2317 1149 2378 candido

191 2404 259 2464 velo
279 2405 445 2477 tegeretur,
467 2404 576 2479 quippe
590 2422 681 2479 quam
700 2405 819 2464 visurus
834 2407 914 2464 esset
926 2404 1063 2479 primam.
1094 2401 1149 2460 Ne-

192 2507 249 2563 que
263 2485 338 2545 illud
352 2487 461 2544 mirum
476 2487 618 2547 excidisse
632 2505 752 2548 versum
765 2489 858 2547 istum
872 2506 909 2547 ex
920 2487 1083 2563 archetypo
1099 2485 1149 2545 (le

192 2571 262 2630 tulli
281 2570 361 2646 quod
381 2571 554 2632 laoimosum
574 2572 666 2631 fuisse
683 2572 762 2630 haud
781 2591 849 2631 raro
868 2573 948 2630 inter
968 2576 1150 2632 omnes‘con·

193 2657 341 2729 stat,cu1u
355 2656 530 2730 praesertim
552 2659 583 2714 et
596 2657 643 2715 hie
657 2659 688 2716 et
701 2657 785 2731 prior
796 2676 816 2713 a
829 2657 974 2716 similibus
989 2655 1150 2730 inciperent

192 2739 352 2802 vocabuIIs.
402 2737 523 2798 Oertum
544 2743 643 2799 autem
664 2741 755 2800 Nonii
777 2741 984 2800 auctoritatem
1004 2757 1066 2800 0000
1088 2755 1149 2815 gra-

192 2825 345 2886 vissimam
362 2842 419 2884 nec
433 2823 469 2882 de
484 2841 585 2884 errore
599 2828 652 2883 aut
670 2825 762 2900 ipsius
777 2827 830 2883 aut
843 2825 907 2884 eius
922 2843 939 2883 a
953 2844 1012 2901 quo
1027 2820 1151 2898 sumpsit

193 2911 361 2985 exemplum
379 2909 467 2968 facile
487 2927 575 2984 posse
589 2909 723 2985 cogitari,
739 2928 806 2968 cam
821 2909 968 2967 addiderit
987 2909 1063 2966 illud
1078 2905 1150 2962 ‘Ve-

193 2993 351 3064 ronensis',
373 2994 453 3068 quod
467 2995 570 3070 utique
585 2993 705 3052 ductum
720 3011 756 3051 ex
769 2994 962 3068 inscriptione
977 2991 1086 3052 codicis
1102 2988 1149 3048 ali·

194 3075 276 3136 ouius
291 3075 450 3151 archetypo
465 3081 636 3138 nostrorum
650 3077 794 3151 codicum,
810 3077 847 3135 de
857 3096 916 3151 quo
928 3097 1018 3152 supra
1032 3075 1149 3140 disum,

194 3158 348 3222 simillimi.
379 3159 507 3219 Iliunino
527 3161 617 3220 Nonii
637 3163 670 3222 in
689 3161 845 3221 afferendis
866 3162 1036 3219 nominibus
1056 3161 1148 3218 auoto-

194 3261 259 3302 000
281 3241 368 3316 tides,
391 3243 415 3302 si
436 3245 467 3300 et
486 3244 709 3304 multiiudinam
729 3246 932 3320 exemplorum
945 3243 1109 3319 respexeris
1123 3241 1150 3298 et

194 3325 338 3402 quaedam
359 3325 546 3384 librariorum
569 3332 688 3400 peccata
707 3330 865 3403 exceperis,
886 3330 975 3403 plane
995 3333 1041 3387 est
1055 3330 1149 3402 singu·

196 3411 275 3468 10010.
306 3408 374 3467 Nou
396 3409 500 3484 ignoro
521 3409 657 3482 equidem
677 3411 709 3469 in
729 3413 947 3486 exemplaribus
967 3413 1030 3471 eius
1050 3427 1148 3486 perpe·

196 3509 258 3550 raia
276 3491 381 3551 001010
409 3491 471 3550 sive
493 3491 610 3550 Cstullo
631 3493 723 3552 tribui
747 3496 927 3553 versiculum
947 3496 999 3570 qui
1016 3498 1096 3571 certo
1109 3493 1150 3552 est
