2486 4010
183 198 246 264 104
569 201 765 258 ssorssrn
1104 202 1163 275 [v.

186 363 190 372 ’
246 365 371 430 ianitor
391 365 432 428 ad
454 365 567 429 dantffl
589 365 715 449 vigilet:
739 364 767 427 si
788 364 897 447 pulset
918 363 1034 447 inanis,

289 450 409 514 Surdus
432 450 467 513 in
489 449 660 514 obductam
682 448 821 512 somniet
841 470 943 531 usque
965 469 1079 512 seram.

246 534 316 600 Nec
336 534 397 598 tibi
419 533 586 618 displiceat
606 534 698 598 miles
719 554 787 596 non
808 532 912 596 factus
935 533 1051 616 amori,

195 631 228 681 50
285 618 393 684 Nauta
413 639 474 682 nec
491 619 602 682 attrita
624 618 651 682 si
672 617 757 681 ferat
778 638 851 681 aera
871 638 984 700 manu,

247 703 315 766 Aut
338 724 473 786 quorum
494 702 606 766 titulus
628 723 686 786 per
708 702 842 766 barbara
863 701 946 766 colla
967 701 1136 785 pependit,

291 787 415 852 Caelati
436 785 542 852 medio
565 808 636 851 cum
659 787 781 850 saluere
802 787 884 851 foro.

247 872 374 936 Aurum
396 873 551 955 spectato,
572 892 641 935 non
676 893 735 937 uae
749 893 863 936 manus
883 871 1010 934 adferat
1030 891 1158 936 aurum.

289 955 443 1020 Versibus
465 954 584 1020 auditis
607 893 683 1039 quid
703 956 767 1020 nisi
788 956 886 1020 verba
906 955 1014 1022 feres?
1089 1005 1090 1008 η

198 1051 232 1102 515
249 1037 345 1128 [Quid
366 1041 455 1105 iuvat
480 1042 596 1104 ornato
618 1040 804 1124 procedere,
826 1041 906 1123 vita,
930 1040 1046 1124 capillo

292 1124 336 1187 Et
357 1128 471 1190 tenues
496 1122 564 1188 Coa
585 1127 673 1189 veste
694 1146 821 1189 movere
843 1122 965 1210 sinusl]

248 1206 311 1283 Qui
333 1229 452 1291 versus,
476 1209 560 1274 Oeae
581 1209 704 1273 dederit
724 1230 784 1273 nec
805 1229 938 1274 munera
958 1207 1069 1294 vestis,

291 1291 389 1356 Istius
411 1293 471 1356 tibi
493 1293 537 1358 sit
559 1293 654 1356 surda
676 1293 745 1357 sine
767 1314 839 1357 aere
861 1294 939 1376 lyra.

249 1376 335 1441 Dum
357 1379 470 1442 vernat
491 1398 549 1442 san
597 1378 635 1461 's,
665 1377 740 1442 dum
825 1379 850 1441 's
872 1378 997 1474 integer
1019 1397 1137 1461 annus,

201 1473 235 1526 60
292 1461 406 1545 Vtere,
428 1484 469 1526 ne
491 1462 546 1546 qui
590 1483 659 1527 cras
682 1462 761 1526 libet
783 1483 802 1525 a
846 1483 901 1526 ora
922 1461 999 1526 dies.

251 1546 328 1612 Vidi
350 1568 410 1632 ego
434 1547 559 1612 odorati
579 1549 702 1612 victura
722 1547 844 1610 rosaria
865 1545 972 1611 Paesti

295 1629 360 1695 Sub
381 1632 542 1721 matutino
561 1637 652 1697 cocta
673 1632 774 1696 iacere
795 1630 906 1696 Noto?

251 1715 312 1779 His
328 1715 469 1780 animum
484 1720 612 1782 nostrae
634 1717 709 1784 dum
730 1718 835 1781 versat
853 1713 1007 1780 Acanthis
1022 1714 1157 1800 amicae,

296 1799 378 1864 Ossa
399 1801 484 1864 inter
505 1805 617 1866 tenues
640 1804 715 1866 sunt
735 1803 900 1864 numerata
922 1803 1019 1866 cutes.

205 1894 237 1946 65
253 1883 316 1950 sed
339 1905 415 1969 cape
436 1889 616 1970 torquataa
640 1885 749 1950 Venus
772 1907 791 1949 o
812 1885 935 1970 regina,
959 1884 1127 1951 columbae

297 1968 348 2033 Ob
370 1971 521 2034 meritum
543 1976 617 2036 ante
638 1974 710 2036 tuos
732 1973 863 2055 guttura
886 1972 972 2034 secta
992 1968 1094 2033 focos.

252 2052 330 2117 Vidi
352 2074 412 2138 ego
434 2077 552 2140 rugoso
574 2055 689 2120 tussim
710 2075 912 2120 concrescere
934 2053 1028 2136 colla

298 2135 459 2220 Sputaque
480 2161 538 2223 per
559 2141 669 2204 dentes
691 2140 738 2203 ire
760 2141 890 2204 cruenta
911 2158 1014 2220 cavos,

255 2218 362 2302 Atque
385 2222 525 2286 animam
545 2225 580 2287 in
602 2227 725 2308 tegetes
747 2225 873 2307 putrem
895 2222 1038 2306 expirare
1059 2241 1114 2305 pa·

800 2310 925 2370 ternas:

207 2399 241 2450 70
297 2385 433 2450 Horruit
454 2388 577 2474 algenti
597 2391 732 2475 pergula
754 2393 843 2454 curta
864 2391 946 2454 foco.

255 2471 417 2555 Exequiae
439 2472 569 2536 fuerunt
589 2475 654 2538 rari
675 2475 794 2539 furtiva
815 2472 922 2557 capilli

299 2556 436 2621 Vincula
458 2560 490 2622 et
511 2557 665 2622 inmundo
686 2558 805 2642 pallida
826 2559 921 2622 mitra
943 2557 1016 2640 situ,

256 2639 302 2706 Et
323 2642 411 2706 canis
433 2642 468 2706 in
488 2645 616 2707 nostros
638 2643 735 2708 nimis
758 2646 941 2727 experrecta
962 2641 1097 2728 dolores,

300 2725 381 2790 sum
402 2726 543 2790 fallenda
563 2749 635 2792 meo
656 2727 772 2812 pollice
795 2727 893 2791 clatra
914 2727 1029 2790 forent.

208 2819 241 2872 75
257 2806 306 2876 Sit
327 2810 468 2874 tumulus
490 2812 580 2876 lenae
601 2815 692 2876 curto
714 2815 804 2876 vetus
827 2811 982 2895 amphora
1004 2810 1101 2878 collo:

298 2893 423 2979 Vrgeat
443 2894 529 2960 hunc
551 2918 647 2979 supra
666 2896 724 2978 vis,
748 2896 903 2980 caprifice,
925 2899 990 2960 tua.

257 2977 408 3062 Quisquis
431 3001 528 3062 amas,
552 2980 670 3044 scabris
692 2979 754 3044 hoc
774 2981 903 3044 bustum
925 2978 1047 3044 caedito
1063 2979 1156 3065 saxis,

299 3063 463 3147 Mixtaque
486 3085 558 3128 cum
580 3065 664 3130 saxis
687 3064 792 3128 addite
814 3064 911 3128 verba
931 3063 1024 3127 mala.

257 3395 355 3462 Sacra
374 3397 453 3460 facit
474 3401 580 3464 vates:
604 3401 669 3464 sint
691 3421 747 3465 ora
768 3400 910 3465 faventia
931 3399 1038 3482 sacris,

299 3480 344 3546 Et
365 3481 457 3548 cadat
479 3484 552 3546 ante
574 3505 663 3549 meos
685 3485 750 3550 icta
771 3485 906 3552 iuvenca
926 3485 1026 3548 focos.
