2486 4010
234 190 295 254 110
617 193 813 250 PROPERTII
1109 195 1187 268 [vm

294 357 471 422 Lanuvium
493 356 607 422 annosi
627 359 718 422 vetus
740 360 790 421 est
810 357 911 422 tutela
934 358 1094 441 draoonis,

336 441 398 506 Hie
418 441 475 506 ubi
496 443 562 506 tam
584 463 672 505 raras
694 461 760 505 non
781 442 865 525 perit
885 441 965 506 hora
986 465 1107 526 morae,

266 525 368 602 tQua
389 547 478 591 saoer
499 523 656 609 abripitur
678 547 770 590 caeoo
798 525 968 591 descensus
990 525 1093 609 hiatu,

337 610 407 686 Quo
427 613 574 695 penetrat
596 609 712 758 {virgo
733 610 799 674 tale
820 613 882 674 iter
903 631 998 674 omna
1020 611 1107 694 oave)

293 693 397 759 Ieiuni
419 694 576 778 serpentis
621 715 709 778 onos,
732 716 804 760 eum
825 694 944 779 pabula
964 697 1069 778 poscit

337 780 455 844 Armua
477 781 509 844 et
530 801 569 844 ex
590 779 655 842 ima
670 778 763 842 sibila
784 781 913 862 torquet
932 777 1041 842 humo.

295 861 385 928 Talia
406 863 560 928 demissae
582 863 705 946 pallent
726 863 765 927 ad
787 883 877 926 saera
897 863 1032 946 puellae,

247 959 279 1010 ιο
336 946 418 1014 Cum
439 951 557 1012 temere
579 948 719 1032 anguino
743 947 880 1012 ereditur
902 969 956 1012 ore
978 967 1101 1011 manus.

294 1031 353 1096 Ille
376 1032 437 1096 sibi
459 1032 601 1097 admotas
624 1031 787 1116 avirgine
802 1031 936 1115 corripit
957 1052 1059 1095 oseas:

336 1115 480 1200 Virginis
502 1116 538 1180 in
559 1116 674 1200 palmis
695 1116 766 1199 ipsa
787 1115 925 1180 canistra
945 1117 1095 1182 tremunt.

294 1197 329 1263 Si
351 1199 470 1262 tuerint
492 1205 611 1282 castae,
634 1200 769 1264 redeunt
790 1201 824 1263 in
847 1199 929 1264 oolla
949 1201 1125 1282 parentum,

336 1281 544 1366 Clamantque
566 1283 726 1380 agricolae
754 1283 880 1348 ‘fertilis
901 1305 1004 1348 annus
1026 1283 1104 1347 erit'

246 1379 277 1428 16
292 1365 363 1431 Hue
384 1388 458 1431 mea
479 1367 621 1432 detonsis
643 1369 784 1434 evectast
806 1367 944 1450 Cynthia
964 1366 1104 1432 mannis:

336 1449 440 1516 Causa
459 1452 523 1516 fuit
543 1451 634 1535 Iuno,
657 1452 713 1516 sed
734 1474 829 1538 mage
851 1473 945 1516 eausa
965 1451 1084 1515 Venus

293 1535 401 1684 Aligia
422 1536 482 1620 dio,
505 1557 633 1620 quaeso,
655 1539 809 1620 quantum
830 1538 863 1600 te
892 1538 973 1610 teste
994 1532 1182 1618 triumphum

364 1621 449 1705 gerit
470 1620 577 1684 effusis
598 1643 655 1706 per
675 1624 731 1686 tua
752 1643 828 1684 saxa
848 1621 937 1703 rotis,

294 1703 409 1788 Turpis
431 1701 466 1768 in
488 1725 603 1769 areana
624 1706 732 1770 sonuit
753 1726 825 1769 oum
847 1705 916 1770 rixa
936 1704 1081 1787 taberna3

243 1801 277 1851 ao
334 1787 368 1852 si
390 1789 458 1853 siue
480 1811 542 1872 me,
563 1788 667 1854 lamae
688 1811 756 1854 non
777 1789 846 1854 sine
867 1788 939 1853 labe
960 1809 1058 1853 meae.

294 1872 495 1956 Spectaolum
516 1873 586 1958 ipsa
607 1873 720 1938 sedens
734 1872 838 1957 primo
860 1876 987 1938 temone
1008 1868 1164 1958 pependit,

334 1957 423 2022 Ausa
443 1979 500 2040 per
522 1957 654 2041 inpuros
674 1958 766 2025 frena
786 1978 913 2031 morere
935 1957 1032 2022 locos.

293 2039 401 2105 Series
420 2063 496 2105 nam
517 2044 607 2106 taceo
629 2043 711 2107 volsi
733 2063 787 2108 oar
810 2044 885 2105 enta
904 2042 1032 2125 nepotis

334 2126 442 2208 Atque
464 2125 639 2190 armillatos
662 2126 744 2192 eolla
801 2127 891 2190 olosa
912 2147 1017 2210 eones,

243 2217 276 2268 ao
292 2205 352 2282 Qui
375 2208 463 2272 dabit
484 2209 656 2276 inmundae
669 2211 795 2274 venalia
809 2210 876 2274 fata
897 2209 1037 2294 saginae,
1223 2285 1224 2288 Ἴ

334 2288 451 2355 Vincet
471 2294 526 2356 ubi
549 2315 653 2358 erasas
675 2293 774 2359 barba
794 2294 943 2379 pudenda
962 2314 1090 2378 genas·

292 2372 374 2438 Cum
395 2375 485 2439 fieret
505 2380 616 2441 nostro
638 2378 757 2442 totiens
777 2378 892 2444 iniuria
912 2377 1006 2462 lecto,

334 2459 458 2524 Mutato
483 2459 567 2522 volui
590 2463 693 2526 eastra
713 2483 840 2528 movere
861 2463 943 2526 toro.
1222 2469 1223 2488 l

294 2542 418 2627 Phyllis
439 2543 620 2610 Aventinae
641 2546 826 2628 quaedamst
846 2547 951 2612 vicina
972 2541 1102 2628 Dianae,

242 2640 276 2690 80
333 2627 446 2692 Sobria
466 2631 561 2713 grata
581 2651 708 2714 parum:
731 2652 803 2696 oum
823 2630 915 2713 bibit,
938 2651 1033 2696 omne
1055 2630 1153 2696 deest.

291 2712 404 2778 Altera
425 2712 578 2796 Tarpeios
600 2717 649 2778 est
669 2715 753 2780 inter
775 2714 853 2780 Teia
873 2715 972 2797 lucos,

335 2795 488 2879 Candida,
513 2798 568 2862 sed
590 2801 684 2882 potae
706 2820 773 2863 non
794 2799 871 2864 satis
892 2820 975 2862 unus
997 2799 1067 2862 erit.

291 2879 352 2944 His
373 2902 391 2945 e
415 2902 434 2944 o
457 2881 608 2946 constitui
628 2886 757 2948 noctem
778 2883 878 2947 lenire
900 2883 1037 2966 voeatis,
1218 2869 1221 3040 Ι

333 2965 378 3030 Et
429 2987 522 3030 enare
543 2966 655 3050 ignota
675 2967 761 3031 furta
781 2988 899 3032 nouare
920 2989 1000 3032 mea.

241 3060 275 3110 35
291 3049 381 3128 Vnus
404 3049 588 3130 erattribus
609 3050 644 3115 in
666 3054 787 3116 secreta
807 3051 941 3114 lectulus
963 3051 1072 3116 herba.

333 3132 465 3208 Quaeris
488 3135 697 3198 concubitus?
719 3136 803 3198 inter
824 3139 989 3216 utramque
1010 3135 1068 3198 fui.
1196 3135 1199 3152 '

290 3215 988 3396 Latstallatiselffitltlelll
1009 3218 1151 3302 ³¹¹¹³⁹H⁰¹

289 3381 415 3446 Nilotes
437 3384 556 3448 tibicen
578 3389 655 3469 erat,
679 3385 870 3450 crotalistria
890 3385 1024 3468 Phyllis,

241 3473 275 3524 40
330 3463 375 3529 Et
395 3464 499 3530 facilis
522 3470 630 3552 spargi
651 3469 770 3536 munda
791 3471 859 3536 sine
881 3473 948 3534 arte
969 3490 1053 3554 rosa,
