2444 4056
443 214 656 278 PRAEFATIO.
959 229 1030 280 xliv

150 387 239 448 lilius
253 387 325 446 haec
339 404 456 461 quoque
472 389 542 444 sunt
556 385 649 448 divini
663 387 810 450 elementa
823 389 938 462 poetae.

195 470 305 532 Erudit
318 489 355 530 en
369 469 451 530 vario
467 469 595 531 carmine
611 469 753 544 Oslfiope.

127 554 217 616 Idem
229 573 302 614 num
317 554 429 630 epyllia
442 555 474 612 et
487 551 593 628 idyllia
607 553 737 617 Maronis
753 572 823 634 esec¹
831 556 955 634 putarit,
969 574 1031 616 non

65 639 125 698 ism
140 639 214 698 lieet
229 640 308 699 certo
323 637 449 700 deliniri.

131 721 273 786 cetarius
293 721 348 780 hac
367 719 556 798 potissimum
572 721 788 796 subscriptione
804 721 919 798 decepti
933 725 1030 798 poste-

66 807 155 866 rioris
171 806 315 882 temporis
329 823 348 862 s
360 805 450 864 tertio
464 805 533 864 inde
553 807 616 867 sive
630 808 736 880 quarto
755 823 830 866 saec.
846 808 1032 882 grammatici

67 891 209 952 videntur
228 890 368 949 tribuisse
387 890 482 952 totam
496 889 634 966 syllogen
648 887 794 965 Vergilio,¹
813 889 958 950 iuvenalis
973 891 1031 950 for-

67 978 146 1034 tusse
167 973 231 1033 ludi
245 973 334 1032 titulo
349 973 531 1048 inscriptam.
564 973 641 1044 Quid
654 974 734 1047 quod
748 975 885 1037 nonnulli
900 974 1032 1034 adiecere

67 1059 214 1132 Aetnam,
235 1057 314 1132 quod
335 1075 402 1116 oum
418 1054 534 1116 Claudii
555 1057 675 1124 demum
689 1061 741 1116 aut
755 1057 883 1120 Neronis
897 1061 1032 1134 tempore

67 1142 256 1218 provenisset
281 1159 413 1214 carmen,
439 1142 534 1200 multo
559 1143 650 1200 etiam
676 1141 775 1202 minsis
801 1160 890 1216 quam
918 1143 1033 1218 reliquo

69 1227 221 1301 opuscula,
237 1243 312 1300 quae
322 1225 457 1300 Augusti
468 1228 546 1306 certe
561 1229 696 1300 tempore
711 1228 782 1286 sunt
799 1227 917 1300 scripta,
933 1228 1034 1302 potuit

70 1309 215 1370 Suetonio
234 1309 330 1375 videri
350 1307 565 1384 Vergilianum.
606 1309 684 1380 Quid
708 1307 810 1370 enim?
839 1327 937 1370 nonne
963 1327 1034 1368 eum

70 1392 256 1454 censebimus
278 1392 312 1452 in
333 1392 470 1468 operibus
495 1393 674 1452 nobilissimi
699 1396 804 1468 poetae
832 1393 1033 1469 proponendis

67 1476 332 1554 grammaticorum
356 1475 425 1539 hnic
449 1478 617 1551 aequalium
646 1476 818 1538 testimonie
846 1477 1032 1552 respexisse?

71 1560 223 1636 Aquibus
251 1578 289 1619 ne
303 1555 414 1636 'potuit
434 1560 554 1634 qudem
582 1561 646 1620 ulla
670 1561 783 1623 mentio
810 1560 926 1622 Aemoe
951 1561 1032 1620 inici.

70 1644 164 1706 Porro
185 1647 305 1716 notum,
322 1663 411 1720 qnam
426 1662 528 1704 severe
542 1644 621 1702 idem
639 1643 798 1704 Suetonius
813 1644 849 1702 de
864 1645 958 1721 elegis
971 1645 1032 1722 epi-

71 1730 207 1804 stuloque
221 1727 349 1804 quedam
362 1727 487 1787 Horatio
503 1727 664 1802 suppositis
677 1726 825 1786 iudicarit.

134 1811 275 1874 totamm
294 1831 333 1872 ne
351 1811 463 1873 Donati
482 1811 603 1885 quidem
623 1813 758 1884 tempore
772 1810 900 1868 defuisse
913 1811 966 1885 quii
981 1811 1033 1870 du·

71 1897 204 1964 bitarent
215 1913 289 1959 num
303 1895 402 1955 Aetne
416 1898 495 1954 esset
508 1893 634 1970 Vergilii
654 1896 701 1952 sat
720 1895 843 1968 apparet
857 1893 955 1952 serbis
968 1895 1034 1954 eius

71 1999 146 2054 quae
167 1983 238 2040 sumt
257 1979 342 2038 haec:
364 1979 478 2052 scripsit
497 1980 584 2037 cttocc
604 1978 639 2036 dc
653 1993 712 2052 qao
726 1977 884 2052 ombipitor
896 1976 1032 2039 Aoniam.

70 2063 96 2122 Ε
107 2064 216 2138 quibus
226 2063 290 2122 sine
301 2063 363 2122 ulie
374 2079 526 2124 camenae
539 2061 673 2120 adiutum
684 2062 865 2123 membranis
876 2062 1033 2138 Hagenum

71 2151 207 2208 nostrum
226 2147 281 2209 illa
302 2165 378 2221 quae
392 2148 463 2206 sunt
476 2145 511 2206 dc
525 2163 584 2218 qao
596 2145 756 2221 *sanator
769 2146 924 2208 occlusisse
938 2165 1034 2223 nuper

71 2249 182 2290 monui.
705 2261 707 2268 ν

135 2315 232 2390 Igitur
251 2314 370 2374 labente
391 2315 510 2374 demum
531 2314 708 2389 antiquitate
728 2318 760 2373 et
777 2319 953 2375 vanescente
968 2335 1033 2373 eru-

73 2397 189 2458 ditione·
203 2399 315 2477 pariter
335 2417 368 2459 ao
386 2399 494 2459 iudicio
520 2402 615 2458 totam
640 2399 717 2458 hanc
740 2399 878 2474 syllogen
898 2397 1034 2474 Vergilio

72 2483 251 2558 adscriptam
266 2501 379 2542 censeo.
400 2481 539 2542 Ceterum
550 2501 604 2557 per
614 2500 733 2542 cursum
745 2483 929 2542 soeculorum
943 2483 1035 2542 etism

72 2567 133 2624 alia
150 2568 279 2641 plurima
298 2585 389 2642 eoque
411 2585 446 2624 ex
464 2569 549 2641 perte
569 2567 756 2641 ineptissima
774 2566 906 2624 tribuero
926 2567 1033 2639 eidem,

72 2650 172 2724 qualia
190 2653 261 2713 sumt
275 2651 387 2727 elegiae
403 2650 440 2710 de
454 2651 633 2724 Maecenate,
647 2652 789 2722 rosetum,
805 2667 924 2709 carmen
938 2649 974 2708 de
989 2653 1036 2708 est

72 2737 104 2792 et
117 2751 189 2808 non,
206 2735 241 2792 de
256 2735 321 2794 viro
335 2735 429 2807 bono,
445 2734 555 2794 similia
568 2735 725 2809 pleraque,
741 2751 817 2808 quae
830 2752 869 2792 ne
883 2733 1035 2792 mentione

71 2816 192 2892 quidem
213 2817 304 2894 digna
317 2821 400 2890 sunt,
421 2836 488 2876 cum
508 2818 684 2892 praesertim
698 2817 857 2890 farraginis
870 2815 958 2874 huius
973 2835 1034 2874 ma·

70 2902 166 2959 iorem
184 2905 301 2976 partem
326 2902 424 2960 medio
443 2901 563 2960 demum
583 2919 655 2959 sevo
676 2901 713 2958 ad
733 2897 892 2972 explendus
911 2901 1034 2975 paginas

72 2985 221 3060 opusculis
236 2985 417 3062 Vergilianis
443 3005 461 3044 s
485 2984 615 3044 librariis
629 3001 693 3043 esse
715 2982 846 3042 additam
860 2999 1035 3058 persuasum

70 3069 205 3128 habeam.

136 3151 349 3230 Inmsylloges
374 3153 511 3230 Augusto
531 3151 696 3227 imperante
718 3149 812 3213 fatias
834 3152 1034 3229 apographon,

71 3236 156 3294 cuius
170 3238 283 3310 primae
297 3237 375 3312 parti
383 3237 482 3296 Aetna
496 3240 666 3311 accesserat,
678 3237 801 3296 ultimae
816 3237 893 3312 elegi
908 3236 943 3294 de
955 3235 1034 3294 Mae-

71 3321 175 3378 cenate
189 3324 219 3378 et
233 3322 377 3397 quaedam
393 3321 459 3394 elia,
471 3340 538 3380 cum
549 3323 663 3380 extaret
676 3324 811 3396 temporo
822 3319 922 3379 Caroli
932 3318 1035 3393 Magni

68 3405 103 3462 in
118 3401 215 3462 Gellia
234 3405 297 3464 sive
312 3405 408 3479 Italis,
428 3406 461 3463 id
474 3405 553 3464 haud
566 3405 731 3464 minoribus
745 3404 815 3462 fatis
830 3405 875 3460 est
889 3403 1035 3475 agitatum

68 3505 163 3562 quam
183 3488 285 3547 eadem
305 3492 402 3548 aetate
422 3489 512 3548 codex
531 3489 583 3548 ille
604 3489 655 3564 qui
672 3487 784 3545 Tibulli
805 3485 898 3542 libros
919 3483 968 3541 vel
983 3482 1035 3553 qui
