2468 4036
223 252 267 318 ‘26
641 253 784 312 neven
1153 255 1178 324 u

241 433 275 484 70
330 419 371 484 Ei
393 418 472 483 mihi
511 439 606 502 quam
630 417 740 482 doctae
762 438 849 482 nunc
869 415 966 481 habet
987 417 1042 482 ille
1063 419 1175 481 manus!

290 504 359 570 Neo
381 466 532 587 pecudes,
555 503 752 584 volutante,
774 502 869 586 petit:
891 502 998 566 fixisse
1019 501 1138 586 puellas

334 587 438 653 Gestit
460 590 493 652 et
513 587 648 652 audaces
669 586 886 670 perdomuisse
907 587 1003 652 viros.

290 672 354 738 Hic
375 673 482 738 iuveni
505 672 641 736 detraxit
663 692 754 756 opes,
777 670 831 735 hic
853 671 956 735 dicere
978 671 1072 736 iussit

333 758 447 822 Limen
467 757 508 821 ad
528 756 627 820 iratae
648 756 745 820 verba
765 755 913 839 pudenda
934 777 1056 820 senem:

240 841 362 907 1τὸΗοο
384 843 463 906 duee
484 841 630 906 custodes
652 839 762 904 furtim
783 843 985 924 transgressa
1005 841 1138 904 iacentes

335 927 387 990 Ad
408 928 555 991 iuvenem
575 925 716 988 tenebris
738 926 808 989 sola
828 925 934 1008 puella
954 925 1043 989 venit

291 1011 336 1076 Et
380 1011 491 1076 edibus
511 1011 723 1094 praetemptat
743 1009 805 1073 iter
827 1031 979 1094 suspensa
1000 1009 1126 1088 timore,

364 1096 491 1178 xplorat
512 1115 621 1158 caecas
644 1094 695 1158 eni
716 1115 830 1158 manus
853 1097 926 1158 ante
947 1094 1024 1157 vias.

291 1179 323 1243 A
344 1180 466 1262 miseri,
489 1199 568 1260 quos
589 1178 642 1243 hio
663 1178 804 1264 graviter
825 1177 902 1242 deus
923 1200 960 1242 ur
984 1179 1028 1242 et!
1050 1175 1149 1240 atille

241 1275 277 1326 80
332 1263 440 1346 Felix,
464 1263 514 1326 oui
534 1263 680 1346 placidus
702 1263 817 1327 leniter
838 1262 934 1326 adflat
954 1199 1063 1326 dmor.

293 1343 423 1430 Sancte,
444 1346 518 1410 veni
540 1347 580 1410 da
603 1347 674 1412 ibus
695 1347 801 1430 festis,
824 1347 879 1411 sed
900 1368 984 1430 pone
1008 1345 1134 1431 sagittas

334 1431 379 1495 Et
399 1431 510 1514 procnl
532 1451 568 1494 ar
591 1435 679 1496 entes
700 1431 776 1496 hino
796 1453 910 1514 precor
930 1431 1011 1495 abde
1032 1432 1121 1494 faces.

293 1513 361 1580 Vos
383 1516 538 1580 celebrem
561 1519 686 1580 cantate
709 1516 802 1580 deum
823 1515 992 1599 pecorique
1013 1518 1124 1579 vocate.

334 1599 423 1666 Voce
444 1601 550 1684 palam
573 1601 697 1684 pecori,
720 1601 802 1664 clam
824 1600 885 1664 sibi
907 1601 1039 1683 quisque
1059 1597 1147 1664 vocet.

241 1696 277 1746 85
293 1686 360 1749 Aut
380 1686 476 1750 etiam
498 1685 559 1749 sibi
581 1686 714 1769 quisque
733 1685 853 1769 palam:
874 1705 950 1748 nam
971 1683 1063 1748 turba
1082 1683 1170 1746 iocosa

338 1770 500 1853 Obstrepit
521 1773 553 1834 et
574 1769 714 1854 Phrygio
737 1769 817 1834 tibia
839 1790 935 1834 curra
957 1789 1045 1833 sono.

294 1855 422 1920 Ludite:
437 1855 501 1918 iam
512 1854 587 1919 Nox
601 1854 708 1938 iungit
721 1875 828 2002 equos,
845 1873 1032 1936 currumque
1043 1849 1168 1916 secunbr

336 1938 449 2002 Mettis
471 1939 590 2003 lascivo
613 1939 716 2002 sidera
750 1938 825 2002 ulva
846 1938 956 2020 chore,

294 2022 433 2106 Postque
458 2024 543 2088 venit
563 2024 678 2086 tacitus
699 2023 798 2086 furvis
821 2021 1032 2088 circumdatus
1055 2019 1107 2084 alis

245 2117 281 2170 90
337 2105 474 2172 Somnus
497 2111 529 2172 et
549 2108 671 2172 incerto
693 2106 824 2172 Somnia
844 2106 939 2192 nigra
958 2105 1049 2190 pede.

635 2235 788 2246 ——n———n

689 2321 736 2397 Π.

295 2441 447 2509 Dicamus
468 2444 553 2508 bona
574 2446 670 2510 verba
690 2484 733 2494 -
753 2446 842 2510 venit
862 2444 978 2509 natalis
994 2483 1036 2492 -
1051 2441 1089 2508 ad
1104 2457 1171 2504 aras:

339 2528 487 2613 Quisquis
510 2527 598 2612 ades,
620 2529 746 2626 lingua,
769 2531 817 2594 vir
837 2531 1027 2613 mulierque,
1049 2528 1123 2592 fare.

295 2611 436 2678 Vrantur
457 2614 510 2699 pia
531 2616 603 2678 tura
623 2614 719 2698 foere,
741 2618 873 2678 urantur
895 2614 1023 2695 odores,

339 2697 425 2773 Quos
446 2702 536 2764 tener
558 2719 575 2763 e
596 2701 681 2764 terra
702 2699 798 2762 divite
819 2699 919 2766 mittit
939 2699 1053 2762 Arabs.

263 2781 369 2867 elpse
392 2805 465 2848 suos
489 2782 609 2848 Genius
631 2783 714 2847 adsit
736 2783 858 2847 visurus
879 2782 1033 2865 honoreS,

339 2867 399 2932 Oui
421 2870 571 2933 decorent
592 2870 717 2933 sanctas
739 2868 849 2931 mollia
870 2870 954 2932 serta
978 2887 1092 2932 comas.

295 2953 384 3016 Illius
405 2975 485 3036 puro
508 2952 671 3016 destillent
691 2955 837 3036 tempora
857 2952 972 3034 nardo,

338 3038 444 3120 Atque
467 3040 553 3102 satur
574 3038 639 3102 libo
662 3037 704 3101 sit
724 3036 911 3120 madeatque
933 3057 1037 3118 mero,

295 3121 428 3184 Adnuat
448 3125 495 3205 et,
519 3119 679 3205 Oornute,
701 3122 761 3186 tibi
768 3171 776 3204 ,
801 3121 1020 3205 quodcumque
1042 3115 1165 3205 rogabis

246 3215 281 3265 10
336 3203 388 3266 En
410 3227 483 3288 age,
507 3206 583 3289 quid
606 3205 731 3270 cessas?
755 3205 866 3270 adnuit
887 3205 956 3269 ille:
978 3225 1067 3290 roga.

295 3288 461 3371 Auguror,
483 3291 591 3352 uxoris
612 3291 693 3354 fidos
717 3290 841 3374 optabis
863 3310 1001 3364 amores:

337 3369 406 3432 lam
427 3393 499 3433 reor
519 3371 581 3434 hoc
602 3373 689 3454 ipsos
713 3374 878 3438 edidicisse
901 3374 985 3438 deos

295 3453 365 3518 Nec
386 3451 447 3516 tibi
468 3454 632 3535 malueris,
653 3457 758 3520 totum
779 3477 995 3540 quaecumque
1014 3477 1072 3539 per
1085 3454 1176 3520 orben

337 3535 443 3600 Fortis
465 3537 534 3600 arat
555 3535 659 3600 valido
682 3539 817 3602 rusticus
840 3561 915 3604 arva
936 3540 1031 3622 bove,
