2476 4018
184 212 227 280 28
573 219 767 278 cacanum
839 216 842 223 ’
1095 222 1161 294 [vr.

637 413 689 486 VI

248 533 326 600 Non
346 536 393 600 ita
414 535 608 620 conplebant
627 534 795 620 Ephyreae
815 533 933 600 Laidos
955 534 1067 619 aedes,

290 619 344 684 Ad
365 619 454 685 cuius
475 620 574 685 iacuit
595 619 728 685 Graecia
748 623 818 684 tota
839 620 939 704 fores,

248 701 355 770 Turba
375 703 587 770 Menandreae
607 704 712 768 fuerat
731 725 792 770 nec
813 703 953 770 Thaidos
974 703 1055 768 olim

290 787 409 869 Tanta,
430 789 466 853 in
488 810 551 873 qua
570 789 708 874 populus
730 789 808 853 lusit
827 787 1076 872 Erichthonius,

220 871 321 940 eNeo
343 894 423 957 quae
444 873 564 937 deletas
585 874 691 956 potuit
712 893 893 957 conponere
915 871 1060 956 Thebae,

290 957 419 1042 Phryne
440 961 508 1023 tam
527 958 637 1024 multis
659 957 746 1022 facta
766 959 860 1022 beata
880 957 965 1022 viris.

248 1041 333 1117 Quin
355 1043 451 1106 etiam
470 1042 571 1108 falsos
592 1042 688 1127 fingis
708 1042 769 1107 libi
791 1062 884 1126 saepe
928 1041 1125 1126 ropinquos,

291 1126 409 1191 Oscula
429 1148 490 1192 nec
512 1128 626 1192 desunt
648 1126 703 1211 qui
722 1126 783 1192 tibi
805 1126 872 1192 iure
909 1128 1007 1190 erant.

247 1209 300 1274 Me
321 1210 471 1275 iuvenum
491 1211 595 1295 pictae
617 1211 731 1296 facies,
753 1232 804 1275 me
825 1210 958 1274 nomina
978 1209 1131 1288 laedunt,

198 1307 232 1358 10
287 1293 341 1358 Me
361 1298 453 1359 tener
473 1295 509 1359 in
530 1296 620 1359 cunis
643 1298 677 1359 et
698 1296 766 1360 sine
787 1316 864 1360 voce
886 1316 978 1378 puer,

246 1377 301 1443 Me
322 1379 436 1463 laedit,
459 1379 488 1443 si
507 1379 610 1444 multa
630 1380 691 1444 tibi
713 1379 801 1446 dedit
822 1379 930 1444 oscus
949 1381 1056 1442 mater
1066 1428 1075 1462 ,
1135 1443 1138 1450 ,

289 1463 343 1530 Me
365 1484 456 1528 soror
477 1466 510 1529 et
531 1485 603 1529 cum
625 1484 704 1549 quae
726 1463 843 1530 dormit
864 1463 965 1529 amica
987 1461 1104 1527 simul:

145 1539 151 1560 “
248 1546 364 1612 Omnia
377 1570 429 1613 me
443 1548 590 1614 laeduntz
609 1548 740 1614 timidus
755 1571 826 1614 sum
842 1548 987 1634 (ignosce
1000 1547 1129 1631 timori)

207 1643 210 1650 ’
290 1632 335 1697 Et
355 1633 452 1698 miser
474 1634 509 1698 in
528 1633 638 1698 tunica
659 1633 802 1716 suspicor
824 1654 892 1700 esse
913 1632 1024 1697 virum

201 1727 233 1780 15
247 1716 308 1782 His
330 1718 425 1802 olim,
446 1722 485 1783 ut
503 1718 635 1803 famast,
657 1718 743 1782 vitiis
764 1716 806 1782 ad
826 1717 948 1801 proelia
968 1718 1148 1800 ventumst,

289 1801 349 1866 His
371 1802 510 1868 Troiana
529 1802 618 1867 vides
639 1802 752 1867 funera
772 1802 948 1886 principiis.

245 1885 369 2036 Aspera
390 1886 567 1986 Centauros
590 1886 699 1952 eadem
721 1886 887 1983 dementia⁸
901 1885 994 1984 iussit

247 1971 830 2141 eurdrlzttelllbltdlt?
841 1969 1127 2139 libella,

196 2151 230 2201 20
286 2138 434 2206 Nutritue
457 2141 569 2226 durae,
591 2141 742 2224 Romule,
764 2141 846 2205 lacte
868 2140 976 2223 lupae:

245 2221 295 2288 Tu
316 2245 428 2306 rapere
449 2225 585 2290 intactas
608 2225 743 2290 docuisti
765 2225 885 2308 inpune
908 2223 1060 2289 Sabinas:

287 2306 350 2372 Per
371 2311 403 2371 te
424 2329 510 2372 nunc
532 2310 652 2374 Romae
674 2309 830 2394 quidlibet
854 2308 949 2374 audet
968 2309 1084 2374 Amor.

245 2391 336 2456 Felix
357 2391 488 2456 Admeti
510 2393 649 2456 coniunx
670 2397 703 2458 et
723 2395 824 2459 leobae
846 2392 965 2475 Vlixis,

287 2475 333 2542 Et
354 2497 567 2560 quaecumque
589 2478 649 2542 viri
670 2477 791 2544 femina
812 2479 910 2542 limen
931 2480 1025 2543 amat

196 2573 229 2625 25
244 2559 377 2644 Templa
397 2559 573 2627 Pudicitiae
595 2561 671 2646 quid
693 2584 773 2647 opus
795 2562 943 2628 statuisse
964 2562 1099 2647 puellis,
1202 2602 1205 2608 -

289 2645 323 2712 Si
346 2646 445 2713 cuivis
466 2650 585 2770 milae
608 2646 764 2731 quidlibet
781 2669 853 2772 peso
874 2646 974 2712 licet?

659 2781 677 2820 s

245 2833 332 2911 Quae
353 2855 467 2898 manus
490 2833 662 2898 obscaenas
685 2833 830 2920 depinxit
850 2835 953 2919 prima
973 2833 1110 2897 tabellas

286 2917 332 2985 Et
351 2919 461 3004 posuit
482 2922 571 2983 casta
591 2918 698 3004 turpia
718 2920 787 2984 visa
809 2919 919 3002 domo,

244 3002 305 3068 Illa
325 3004 502 3088 puellarum
523 3004 681 3089 ingenuos
704 3004 846 3088 eorrupit
866 3003 985 3068 ocellos

192 3102 228 3152 80
285 3087 517 3174 Nequitiaeque
539 3109 614 3154 suae
636 3089 740 3153 noluit
761 3109 829 3153 esse
850 3089 954 3153 rudes.

243 3174 276 3237 A
321 3176 419 3268 emat,
441 3173 476 3236 in
497 3174 591 3271 terris
611 3173 674 3237 ista
693 3173 747 3270 qui
768 3173 902 3271 protulit
924 3173 991 3236 arte

243 3257 953 3427 altatllatbttlbltllta2

287 3421 368 3487 Turn
389 3422 493 3508 paries
514 3425 604 3544 ᾞιΠο
628 3426 759 3492 crimine
774 3427 885 3551 pictus
907 3428 984 3490 erat.

650 3555 670 3596 a
