2476 4018
64 149 128 222 sn]
454 147 563 204 manu
583 148 632 204 111.

104 313 217 394 (labe,
239 315 295 376 tua
317 310 542 394 000110,0000,
565 309 706 392 Catulle,
727 313 791 376 tua

68 395 157 460 Miles
180 395 334 479 depositis
356 416 496 460 annosus
518 393 648 459 secubat
667 395 778 478 armis,
1009 404 1027 455 o

107 480 347 562 Grandaevique
368 481 492 564 negant
512 479 626 543 ducere
648 481 751 542 aratra
771 478 887 561 boves,

70 562 171 628 Putris
194 567 226 628 et
247 564 282 628 in
301 583 402 628 vacua
422 561 593 646 requiescit
611 563 703 628 navis
726 583 835 642 arena,

107 648 151 712 Et
170 651 261 712 vetus
283 647 318 712 in
338 647 460 730 templo
481 646 596 710 belbas
616 668 727 730 parma
747 649 853 710 vacat:

71 732 112 795 At
131 752 183 796 me
203 733 243 796 ab
264 752 371 796 amore
392 734 448 794 tuo
471 730 599 795 diducet
618 731 709 795 nulla
730 732 891 811 senectus,

110 814 180 880 Sive
202 836 262 900 ego
284 815 441 880 Tithonus
463 815 529 880 sive
551 836 611 911 ego
631 815 752 880 Nestor
773 835 837 880 ero.
994 827 1027 878 ιο

72 897 182 968 Nonne
202 900 264 964 fuit
285 900 384 964 satius
405 898 484 962 duro
507 919 624 962 servire
645 902 781 982 tyranno

110 982 153 1046 Et
171 1005 299 1068 gemere
320 984 355 1046 in
376 986 468 1047 tauro
474 1031 484 1066 ,
507 1003 599 1046 saeve
620 983 749 1067 Perille,
771 981 849 1046 tuo?

75 1065 225 1151 Gorgonis
248 1071 280 1132 et
301 1068 399 1132 satius
421 1067 483 1131 fuit
504 1065 712 1132 obdurescere
733 1065 844 1131 vultu?

112 1149 274 1216 Caucasias
296 1151 393 1215 etiam
413 1151 441 1215 si
460 1155 641 1235 pateremur
661 1151 757 1216 aves?

76 1233 131 1299 Sed
149 1239 257 1300 tamen
277 1235 440 1300 obsistam.
478 1235 592 1301 teritur
612 1237 761 1322 rubigine
782 1257 891 1302 mucro
993 1245 1026 1299 15

111 1317 239 1386 Ferreus
261 1323 295 1384 et
315 1341 413 1403 parvo
435 1341 529 1403 saepe
550 1319 673 1403 liquore
695 1321 789 1386 silex:

75 1402 116 1465 At
132 1404 219 1468 nullo
241 1403 389 1468 dominae
410 1404 523 1468 teritur
543 1405 708 1468 molimine
734 1408 871 1470 amator:

111 1485 218 1553 Restat
239 1491 273 1552 et
292 1487 441 1552 immerita
462 1489 599 1552 sustinet
619 1510 693 1552 aure
715 1487 828 1551 minas.

76 1566 159 1635 Vltro
182 1575 383 1654 contemptus
404 1575 500 1658 rogat
520 1577 554 1636 et
573 1593 721 1668 peccasse
743 1571 862 1636 fatetur

110 1653 223 1720 Laesus
245 1659 279 1720 et
299 1656 407 1720 invitis
429 1657 498 1740 ipse
518 1657 602 1721 red1t
622 1655 766 1740 pedibus.
991 1669 1026 1720 20

76 1736 117 1802 'lu
136 1761 277 1825 quoque,
302 1741 356 1824 qui
378 1741 474 1825 pleno
495 1740 598 1805 fastus
619 1740 759 1804 adsumis
781 1760 903 1822 amore,

110 1823 257 1907 Credula,
279 1825 369 1889 nulla
390 1825 444 1888 diu
464 1825 584 1890 femina
605 1825 730 1908 pondus
751 1821 856 1887 habet.

75 1907 120 1972 An
140 1909 306 1992 quisquam
327 1909 363 1972 in
383 1908 496 1974 mediis
518 1910 672 1992 persolvit
691 1911 766 1974 vota
786 1905 952 1991 procellis,

110 1991 188 2060 Cum
210 2014 305 2077 saepe
326 1993 362 2056 in
382 1995 478 2078 portu
499 1993 602 2058 fracta
623 1993 730 2058 carina
750 1991 861 2056 natet?

21 2089 22 2094 ’
75 2074 133 2141 Aut
151 2078 240 2161 prius
262 2077 381 2142 infecto
404 2077 548 2161 deposcit
568 2077 708 2160 praemia
731 2098 838 2158 cursu,
991 2086 1025 2140 25

110 2159 147 2225 Se
168 2163 248 2225 tima
269 2183 364 2245 quam
385 2166 505 2226 metam
525 2161 650 2226 triverit
671 2164 744 2225 ante
765 2160 857 2225 rota?

76 2185 234 2310 Mendaces
257 2245 371 2310 ludunt
391 2245 485 2310 flatus
506 2246 541 2310 in
563 2267 670 2310 amore
692 2245 837 2310 secundi:

111 2327 205 2413 Siqua
225 2331 313 2394 venit
334 2351 421 2414 sero,
443 2351 563 2416 magna
583 2330 676 2394 ruina
696 2331 793 2396 venit.

76 2409 116 2475 lb
133 2415 241 2478 tamen
261 2415 398 2498 interea,
421 2415 565 2497 quamvis
586 2417 619 2480 te
642 2415 756 2512 diligat
776 2415 846 2496 illa,

110 2495 146 2562 ln
164 2498 264 2563 tacito
287 2497 400 2564 cohibe
422 2499 538 2584 gaudia
559 2499 667 2564 clausa
689 2519 770 2563 sinu.
991 2509 1026 2560 30

76 2576 209 2666 Namque
231 2582 266 2646 in
285 2604 394 2648 amore
415 2604 472 2648 suo
495 2604 620 2666 semper
641 2604 698 2646 sua
719 2581 856 2645 maxima
879 2580 991 2664 cuique

111 2664 289 2750 Nescioquo
311 2670 405 2752 pacto
427 2666 525 2732 verba
544 2686 660 2730 nocere
683 2665 796 2728 solent.

77 2745 216 2822 Quamvis
237 2753 270 2815 te
291 2772 443 2835 persaepe
463 2752 571 2832 vocet,
594 2749 693 2815 semel
713 2749 759 2812 ire
779 2749 955 2814 memento:

110 2831 262 2898 Invidiam
284 2835 369 2918 quod
389 2833 502 2917 habet,
524 2855 592 2898 non
614 2833 697 2898 solet
719 2854 787 2897 esse
810 2831 872 2895 diu.

21 2939 22 2950 ¹
76 2915 114 2980 At
133 2919 160 2982 si
181 2919 285 2982 saecla
304 2919 413 2983 forent
434 2918 572 3002 antiquis
594 2920 725 3004 ’sgrata
743 2916 878 3000 puellm,
993 2927 1026 2978 35

21 3019 22 3034 ³
110 2999 219 3066 Essem
242 3023 318 3088 ego,
341 3002 426 3087 quod
446 3023 532 3066 nunc
554 3005 603 3066 tu:
627 3004 771 3084 tempore
785 2999 898 3063 vincor
912 3019 983 3084 ego.

74 3079 141 3149 Non
160 3089 270 3150 tamen
290 3087 354 3151 ista
374 3107 463 3152 meos
484 3086 654 3150 mutabunt
674 3083 799 3149 saecula
820 3104 941 3150 mores:

21 3191 23 3292 p
110 3168 197 3236 Vnus
220 3169 351 3254 quisque
374 3193 431 3238 sua
450 3169 577 3236 noverit
597 3170 644 3234 ire
664 3169 725 3233 via.

21 3299 23 3350 l
75 3250 114 3315 At
131 3275 202 3337 vos,
226 3255 281 3338 qui
302 3255 408 3320 officia
427 3255 463 3320 in
483 3255 602 3319 multos
624 3253 780 3320 revocabis
802 3276 941 3338 amores,

21 3367 22 3394 t
112 3336 269 3411 Quantum
291 3340 337 3404 sic
359 3339 479 3406 cruciat
499 3339 621 3404 lumina
642 3342 748 3404 vestra
769 3339 875 3406 dolori
993 3351 1029 3400 40

75 3415 200 3487 Vidistis
221 3424 318 3507 pleno
340 3427 483 3490 teneram
506 3423 641 3490 candore
662 3425 815 3509 puellam,

21 3575 22 3582 ἵ
117 3523 298 3566 Pronurus·
857 3526 876 3574 4

21 3729 23 3810 1
