2444 4056
206 217 296 266 LVIII
582 205 797 265 PRAEFATIO.

268 375 344 432 ib.9
365 375 490 448 mihique
510 374 661 449 Muretus,
684 377 756 436 milei
779 375 814 454 Β.
836 405 877 422 -·
902 376 942 435 ib.
961 377 1066 452 phinee
1084 377 1164 445 elion,

205 496 283 550 coele
302 491 409 566 fripore
429 510 500 566 ego,
522 491 613 551 Brun.
636 492 728 551 habet
752 473 830 573 elici
858 491 1040 570 (correctura
1058 495 1130 553 facta
1148 514 1164 550 a
1213 501 1221 538 θ

204 595 245 634 m.
262 573 294 652 2)
316 577 388 634 demo
408 581 485 635 coele
504 575 579 650 sripc
602 573 722 652 (fripcre
737 573 780 652 v).
808 578 946 654 Apparet
960 580 1082 638 verbum
1095 580 1162 638 deero

203 677 266 718 non
285 659 456 734 provenisse
473 660 531 718 uisi
553 659 666 719 infelici
688 663 796 722 conatu
817 662 994 724 emendandi
1010 663 1084 722 illud
1096 663 1163 722 eliae

204 743 283 818 quod
297 743 437 803 librarius
452 743 606 820 archetypi
621 744 735 819 accepit
748 763 803 823 pro
819 747 891 806 dioc.

266 845 307 904 ib.
326 845 364 902 14
379 850 532 918 temereque
548 864 578 918 v,
595 863 671 904 corr.
687 845 863 907 Dorvillius.

266 929 306 988 ib.
325 930 362 986 17
377 945 496 988 saraam
510 946 578 988 cum
593 929 720 1006 reliquis
736 929 822 990 libris
837 929 871 1004 B,
887 931 966 1006 quod
980 932 1091 992 reduxi.

265 1030 306 1086 ib.
325 1030 363 1088 18
384 1033 453 1088 trec
466 1027 600 1104 Vossius,
616 1047 688 1090 mex
702 1029 782 1089 libri.
804 1061 846 1072 -
860 1035 918 1092 met
931 1031 1018 1094 testa
1031 1049 1094 1108 ego,
1107 1047 1163 1090 oea·

201 1119 245 1173 tet
258 1113 299 1187 B,
320 1112 351 1170 in
373 1129 467 1189 mar-g.
484 1113 550 1171 add.
565 1115 636 1174 mi
658 1113 735 1176 illud
750 1131 809 1176 eece
823 1114 903 1190 quod
917 1133 953 1172 ex
962 1115 1089 1190 proximi
1102 1133 1162 1174 ver·

203 1215 252 1256 sus
271 1197 336 1255 loco
358 1196 461 1255 eodem
484 1198 657 1257 arcessitum
678 1215 733 1273 por
752 1198 1015 1273 interpolationem
1036 1198 1161 1259 foedast-

202 1299 282 1342 mem
297 1279 382 1339 facile
397 1283 529 1355 apparet.
560 1302 571 1310 ’

266 1399 290 1439 o.
306 1382 347 1439 85
366 1381 577 1442 Molliesimnm
604 1383 724 1441 omnino
745 1383 801 1442 hoc
821 1401 950 1456 carmen,
972 1402 1031 1458 quo
1052 1385 1164 1444 suarius

202 1483 298 1540 neque
313 1465 390 1540 apud
405 1464 533 1524 Graecos
553 1465 712 1540 scriptores
726 1485 824 1542 neque
839 1466 918 1542 apud
931 1467 1055 1528 Latinos
1070 1469 1163 1544 legere

202 1568 250 1608 ma
272 1549 403 1608 memini.
447 1549 591 1608 Libenter
611 1549 776 1608 tribuerem
799 1551 930 1624 Maroni,
957 1552 1016 1610 nisi
1037 1553 1163 1612 obstaret

203 1635 343 1692 creticum
357 1633 534 1692 vocabulum
549 1652 577 1692 v.
596 1635 613 1690 7
629 1633 661 1690 in
676 1633 760 1692 brevi
775 1635 892 1709 syllaba
906 1635 1022 1694 elisum.
1055 1637 1100 1694 llx
1113 1637 1163 1693 hoe

202 1721 302 1778 autem
316 1733 487 1793 expressum
502 1717 687 1794 epigramma
701 1719 891 1792 praecedens.

263 1821 340 1878 ib.1
363 1836 412 1896 eqo
429 1820 505 1893 odd,
529 1837 579 1896 epo
599 1818 750 1880 oLaohm.
773 1820 811 1878 ad
831 1819 919 1894 Pscp.
935 1839 985 1896 pg.
1003 1821 1073 1880 289.
1102 1819 1163 1880 ebt.

201 1904 403 1980 ei.infra193
423 1905 472 1978 84,
490 1905 519 1963 2.

263 1990 304 2046 ib.
321 1990 340 2047 3
355 1987 509 2059 formicula
523 1989 558 2061 B,
576 2005 650 2047 corr.
669 1987 860 2060 Schradams,
877 1988 914 2045 cf.
930 1988 980 2060 84,
1000 1991 1026 2046 1.

262 2071 303 2129 ib.
319 2072 340 2128 4
353 2073 466 2130 nutriet
486 2077 519 2130 cot
537 2070 698 2147 (iruppius,
714 2073 832 2130 metrice
846 2071 880 2144 B,
896 2073 1008 2130 cettei
1022 2064 1175 2149 Rehdige·‘

199 2173 299 2214 ranus.
315 2185 356 2196 -
370 2155 411 2212 ib.
426 2157 465 2214 stt
479 2153 612 2230 Vossius,
628 2161 662 2216 ut
676 2155 742 2213 cdd.

262 2256 303 2314 ib.
320 2257 338 2314 6
358 2254 438 2312 Illud
459 2255 636 2324 adulescens,
657 2274 715 2332 quo
731 2257 824 2315 ceteri
838 2257 909 2315 libri
925 2258 1033 2328 carent,
1050 2257 1116 2314 add.
1131 2257 1164 2315 B.

261 2340 302 2398 ib.
320 2341 337 2397 7
354 2339 447 2398 celeps
460 2339 541 2412 libri,
556 2340 637 2416 quod
650 2341 777 2418 irrepsit
791 2359 807 2398 e
823 2360 851 2400 v.
868 2341 903 2414 ὃς
920 2339 979 2416 ego
991 2343 1114 2399 correxi.

262 2425 303 2483 ib.
320 2425 338 2482 8
354 2439 506 2498 vepresque
521 2442 586 2499 ego,
603 2441 688 2498 asper
704 2423 741 2482 B.
762 2457 803 2466 —
820 2425 859 2482 ib.
875 2426 913 2484 sit
925 2423 960 2498 B,
976 2427 1036 2483 siat
1048 2425 1143 2482 Rehd.

261 2526 302 2583 ib.
319 2527 337 2583 9
352 2525 566 2598 manuferens,
582 2525 626 2584 ita
641 2525 676 2599 B,
694 2545 723 2584 v.
739 2525 836 2597 ferens
850 2543 951 2584 mewa.
972 2556 1014 2566 -
1027 2523 1068 2582 ib.
1084 2539 1165 2599 saepe

198 2609 352 2670 verissime
367 2609 556 2682 Schraderus,
580 2627 649 2668 oum
664 2609 704 2668 ob
719 2611 858 2682 metrum,
882 2609 952 2684 quia
965 2626 1083 2683 semper
1097 2610 1165 2683 phe·

63 2736 77 2741 -.
96 2702 102 2706 ’
122 2704 128 2706 “
197 2693 323 2754 recratei
342 2693 421 2752 basis
440 2694 472 2752 in
491 2694 547 2752 hoc
568 2694 697 2752 carmine
720 2695 767 2752 est
786 2691 941 2764 trochaica,
963 2694 1028 2750 tum
1048 2692 1087 2751 ob
1102 2711 1165 2751 sen·

198 2799 279 2852 sum,
302 2777 412 2854 quippe
433 2778 617 2837 adulescenti
637 2794 692 2852 pro
707 2779 884 2852 paupertate
898 2776 992 2852 patrie
1006 2794 1043 2834 ne
1057 2775 1168 2836 licebat

197 2864 317 2939 quidem
337 2881 454 2938 semper
471 2863 576 2920 offerre
597 2861 651 2919 deo
672 2879 750 2921 nova
772 2877 904 2933 munera,
926 2859 998 2938 quin
1013 2876 1100 2948 saepe
1114 2880 1165 2936 po·

196 2949 291 3019 neret,
307 2947 382 3006 nihil
397 2946 547 3034 obstabat.

259 3046 302 3104 ib.
319 3047 358 3104 12
374 3047 561 3120 lacteamque,
577 3045 620 3104 ita
634 3045 670 3103 B.

260 3145 301 3204 ib.
319 3147 358 3204 13
373 3147 570 3220 pollentesque
590 3145 666 3219 cdd,
685 3146 876 3219 palantesque
889 3143 927 3202 N.
943 3143 1093 3218 Heinsius,
1109 3163 1169 3220 qua

197 3230 327 3289 admissa
353 3228 521 3287 coniectura
547 3230 644 3287 omnis
673 3229 872 3303 epithetorum
898 3228 1080 3288 concinnitas
1103 3231 1168 3288 tur·

196 3316 302 3456 botuile),
321 3395 631 3469 mecumtecum,
649 3413 722 3453 corr.
739 3395 878 3470 Vossius3
894 3395 930 3454 cf.
948 3397 997 3468 70,
1013 3397 1050 3471 33
1067 3399 1095 3454 7.

260 3482 301 3542 ib.
320 3482 358 3539 16
379 3482 545 3555 mremmoe
559 3498 598 3554 u,
621 3477 685 3539 cdd.
701 3498 857 3557 perperam
878 3482 1170 3554 membressitanum
