2470 4010
434 341 439 348 ι
581 253 737 308 cirrum
958 253 1148 326 [isurun.

542 419 776 493 mxxvnr
1227 431 1231 515 i

241 551 326 627 Quid
346 551 425 616 facil
445 551 489 634 is,
511 549 611 634 Gelli,
633 553 689 634 qui
711 573 784 614 cum
803 555 906 616 melre
927 553 1023 635 alque
1038 574 1148 618 sorore

285 637 394 700 Prurit
414 641 448 700 et
468 636 601 699 abiectis
622 636 795 720 pervigilat
814 637 955 700 tunicis?

242 720 325 796 Quid
339 722 417 785 facit
431 722 470 804 is,
480 724 630 804 patruum
645 722 700 802 qui
712 742 782 784 non
794 721 874 784 sinit
887 743 956 786 esse
971 722 1147 786 maritum?
1228 738 1232 861 .

286 806 391 888 Ecqui
412 807 474 870 scis
496 816 651 887 quantum
672 806 825 889 suscipiat
845 806 997 870 sceleris?
1230 864 1231 868 ,

209 889 399 974 ⁶Suscipit‚
422 911 441 954 o
465 889 564 972 Gelli,
587 893 742 971 quantum
762 912 830 953 non
850 891 963 954 ultima
984 889 1106 974 Tethys

284 975 354 1038 Nec
376 975 505 1058 genitor
526 973 728 1056 lympharum
750 975 852 1038 abluit
873 975 1037 1040 Oceanus:

242 1059 328 1124 Nam
354 1059 438 1122 nihil
470 1062 521 1121 est
548 1060 716 1141 quicquam
748 1059 891 1141 sceleris,
924 1081 987 1142 quo
1013 1059 1150 1142 prodeat

788 1144 887 1226 ultra,

201 1279 206 1284 .
284 1225 362 1292 Non
383 1227 413 1292 si
433 1226 572 1292 demisso
595 1249 629 1291 se
650 1229 720 1311 ipse
741 1231 833 1291 voret
854 1228 965 1312 capite

587 1369 742 1378 ——-

535 1459 784 1534 LXXXVHH.

246 1582 368 1649 Gellius
390 1586 439 1648 esi
458 1584 581 1648 lenuis:
603 1584 680 1666 quid
700 1585 758 1646 ni?
781 1585 833 1648 cui
853 1587 920 1648 lam
938 1584 1026 1647 bona
1047 1587 1150 1649 maier

287 1667 428 1752 Tamque
448 1669 559 1732 valens
580 1668 668 1732 uvat
687 1671 816 1753 tamque
837 1671 972 1734 venusta
994 1689 1087 1732 soror

245 1753 388 1836 Tamque
402 1754 506 1818 bonus
520 1755 651 1836 patruos
665 1757 794 1836 iamque
805 1755 914 1818 omnia
923 1753 1019 1838 plena
1032 1753 1150 1836 puellis

289 1838 460 1922 cognatis,
482 1859 579 1921 quare
599 1838 628 1902 is
649 1838 776 1902 desinat
796 1861 865 1902 esse
886 1837 1014 1902 macer?

213 1922 309 2000 sQui
329 1926 367 1987 ui
386 1923 470 1987 nihil
491 1923 638 2006 altingit,
665 1923 730 1986 nisi
751 1923 837 2005 quod
857 1923 906 1986 fas
927 1927 1061 2006 langere
1083 1942 1152 1985 non

791 2011 854 2090 est,
901 2048 911 2061 x

289 2091 500 2166 Quaniumvis
521 2114 618 2174 quare
640 2093 684 2156 sil
704 2113 811 2156 macer
831 2091 985 2157 invenies.

589 2223 744 2233 ——-——-

571 2305 754 2380 LXXXX.

247 2426 407 2495 Nasoalur
427 2450 541 2514 magus
563 2450 602 2493 ex
625 2430 710 2494 Gelli
731 2431 903 2514 matrisque
924 2429 1064 2494 nefando

291 2511 449 2599 Coniugio
471 2518 504 2578 cl
525 2513 627 2579 discat
647 2514 811 2580 Persicum
832 2515 1039 2598 aruspicium:

247 2598 333 2666 Nam
353 2621 466 2685 magus
490 2620 528 2664 ex
548 2602 650 2663 maire
672 2603 704 2663 cl
724 2604 824 2684 gnato
839 2601 992 2684 gignatur
1013 2601 1152 2682 oportet,

292 2684 327 2749 Si
348 2688 453 2749 verast
473 2684 642 2748 Persarum
663 2684 753 2768 inpia
773 2685 914 2770 relligio,

217 2769 358 2838 oNavos
380 2772 417 2834 ul
438 2772 568 2853 accepto
589 2773 758 2833 veneretur
779 2770 917 2834 carmine
940 2769 1029 2832 divos

294 2854 467 2922 Omenlum
488 2854 524 2918 in
544 2853 672 2918 flamma
692 2854 811 2940 pingue
833 2852 1050 2938 liquefaciens.

564 3087 760 3160 LXXXXI.

249 3206 326 3274 Non
347 3209 435 3292 ideo,
458 3210 558 3293 Gelli,
584 3211 750 3295 sperabam
771 3211 805 3273 le
826 3209 906 3273 mihi
925 3207 1024 3272 fidum

293 3292 332 3356 In
353 3294 468 3357 misero
490 3293 552 3357 hoe
573 3299 700 3378 nostro,
722 3300 782 3358 hoc
804 3293 929 3378 perdito
944 3311 1052 3356 amore
1072 3290 1155 3374 iore,

252 3376 345 3451 Quod
366 3379 398 3440 ie
422 3397 611 3460 cognossem
632 3380 713 3444 bene
737 3381 975 3442 constantemve
996 3377 1145 3459 putarem

294 3459 362 3522 Aut
382 3481 476 3542 posse
499 3483 519 3524 a
539 3463 626 3545 turpi
647 3464 788 3526 mentem
809 3462 953 3527 inhibere
974 3459 1112 3544 probro,

218 3554 235 3606 ὁ
251 3541 313 3609 sed
324 3545 519 3626 nequequod
529 3548 663 3609 matrem
671 3567 922 3630 neegermanam
932 3543 1158 3611 essevidebam
