2444 4056
175 235 250 282 xuu
549 222 761 280 PRAEFATIO.

175 392 227 452 lic.
259 391 416 450 Necenim
431 389 584 450 defraudo
600 389 715 449 acfictc
729 389 850 450 nomine
865 391 1067 466 cogitandum.
1097 391 1140 450 Ea
1213 392 1215 400 ’

177 478 276 534 autem
291 474 356 548 ipsa
370 493 411 547 re,
423 474 503 549 quod
516 475 656 550 pleraque
667 473 773 532 horum
789 476 998 550 opusculorum
1009 475 1138 551 Vergilii
1217 475 1218 510 l

177 559 278 618 amicis
305 560 406 618 essent
428 557 579 632 inscripta,
606 557 706 616 evenit
728 560 763 616 ut
787 561 850 617 tam
874 560 932 617 cito
952 560 1048 634 ipsius
1075 578 1137 618 esse
1217 623 1218 628 η

176 644 354 719 putarentur
373 641 469 701 huius.
504 641 567 700 Nec
587 640 726 700 abhorret
746 661 763 700 a
783 642 993 716 probabilitate
1012 643 1139 718 Priapes
1217 639 1218 678 l

177 725 365 802 potissimum
385 745 421 786 ex
441 726 548 783 horum
569 725 702 784 virorum
723 725 785 784 sive
801 726 964 785 amicorum
978 726 1059 786 villis
1075 745 1137 786 esse
1217 725 1218 760 ³

177 811 309 869 collecta.
341 809 428 869 Certe
451 808 601 879 Tibullus,
623 808 705 866 cuius
726 807 784 867 duo
804 813 875 868 sunt
894 811 1033 883 carmina,
1048 829 1136 884 quam

177 895 269 954 fuerit
288 892 443 952 familiaris
463 891 619 950 Messallae
638 891 751 950 nemini
772 893 917 968 ignotum.
948 894 989 952 Et
1004 892 1135 965 Ovidius,
1167 889 1169 896 ’

177 979 229 1054 qui
247 975 309 1036 filio
330 977 393 1035 eius
414 974 573 1034 Messalino
596 975 853 1034 coniunctissimus
867 977 934 1049 fuit,
955 977 1137 1036 hauddubie

178 1062 282 1120 eodem
296 1077 367 1118 usus
382 1061 427 1118 est
442 1059 543 1117 amico.
570 1058 693 1116 Accedit
707 1059 785 1134 quod
800 1060 970 1119 Messallam
983 1061 1135 1132 intereos,

179 1144 230 1218 qui
249 1143 361 1202 lasciva
380 1141 510 1201 carmina
529 1143 760 1217 composuerint,
786 1143 880 1202 refert
899 1144 1016 1203 Plinius
1037 1145 1068 1202 in
1090 1163 1135 1218 ep.

179 1228 216 1300 V,
233 1229 261 1286 3.
301 1227 371 1284 Mox
390 1226 516 1285 fortasse
535 1241 571 1284 ex
590 1226 655 1300 ipsa
679 1226 733 1285 hac
758 1227 959 1286 studiosorum
983 1228 1136 1286 hominum

179 1309 300 1369 cohorte
319 1309 418 1369 extitit
437 1309 525 1368 homo
539 1310 740 1384 perelegantis
754 1310 883 1386 ingenii,
904 1329 958 1386 per
975 1331 1062 1386 quem
1076 1329 1135 1369 non
1214 1341 1215 1348 κ

178 1394 264 1453 licrut
277 1393 375 1468 perire
389 1393 455 1452 istis
470 1392 669 1468 Euphorionis
690 1397 844 1452 cantorum
859 1395 950 1453 studii
965 1413 1136 1454 monumen·
1216 1421 1217 1424 ¹

179 1479 228 1537 tis.
255 1477 360 1551 ltaque
374 1476 399 1534 is
414 1479 445 1535 et
459 1475 586 1550 Vergilii
602 1477 743 1552 opuscula
756 1496 830 1552 quae
844 1479 905 1536 iarn
919 1479 1056 1538 feruntur
1069 1497 1135 1536 cen·

179 1561 276 1620 iunxit
294 1579 348 1620 nec
368 1559 466 1618 minus
487 1560 608 1634 collegit
628 1559 753 1636 Priapes
773 1577 849 1635 quae
869 1561 989 1636 quidem
1012 1562 1134 1620 edoctis

181 1645 350 1706 auctoribus
364 1644 516 1718 isdemque
528 1642 638 1702 Catulli
653 1644 792 1704 studiosis
807 1645 933 1718 venisse,
948 1648 983 1704 ut
998 1647 1055 1704 aha
1067 1646 1136 1703 mit-

180 1735 251 1804 tam,
272 1729 345 1806 ipsis
365 1730 529 1787 metrorum
548 1726 655 1802 quibus
675 1728 721 1787 usi
742 1730 812 1788 sunt
831 1729 990 1804 generibus
1006 1731 1134 1804 apparet.

179 1815 236 1875 His
250 1813 343 1892 igitur
356 1811 492 1890 praefixit
502 1811 698 1888 compositum
713 1812 749 1871 ab
760 1813 836 1887 ipso,
851 1811 931 1887 quod
944 1813 1136 1887 praefationis

55 1949 69 1960 .,
80 1976 98 1990 N
181 1903 260 1961 esset
273 1901 378 1972 instar,
394 1917 512 1958 carmen
525 1898 664 1974 primum.

135 1995 176 2036 ’κ
243 1983 438 2057 Priapeorum
448 1983 499 2056 qui
513 1982 626 2042 fuerint
640 1984 782 2054 auctores,
794 1980 890 2054 hodie,
906 1981 964 2039 tria
977 1982 1004 2040 si
1020 1999 1135 2056 excepe-

181 2069 232 2140 ris,
248 2067 335 2142 plane
348 2067 501 2141 ignotum3
522 2068 553 2123 ct
571 2066 697 2124 fortasse
712 2066 737 2124 is
752 2066 825 2141 ipse,
841 2066 892 2140 qui
906 2064 1034 2124 confecit
1048 2065 1133 2140 syllo-

182 2169 249 2226 gen,
270 2147 420 2224 ignoravit
436 2148 558 2206 nomina
577 2151 749 2208 multorum.
785 2148 921 2208 Eundem
940 2149 990 2208 vix
1011 2149 1136 2206 adducor

182 2236 217 2292 ut
230 2232 349 2290 credam
369 2231 506 2290 statuisse
527 2232 656 2307 reliqua,
678 2251 752 2308 quae
774 2251 862 2308 supra
877 2232 1057 2304 enumeravi,
1078 2251 1135 2290 car-

182 2317 264 2376 mina
278 2313 377 2374 omnia
394 2334 412 2372 a
425 2312 559 2390 Vergilio
574 2333 638 2375 esse
654 2316 779 2391 scripta3
800 2320 832 2374 et
844 2316 963 2375 hercule
978 2333 1039 2374 non
1053 2316 1135 2374 huius

183 2401 358 2460 auctoritate
383 2401 536 2474 permotus
556 2400 677 2476 collegit
700 2400 762 2472 illa,
784 2399 835 2458 sed
855 2400 923 2475 quia
942 2400 1137 2458 imitationem

185 2483 296 2544 Catulli
317 2486 349 2541 et
368 2483 538 2558 aequalia&
548 2482 635 2542 huius
649 2502 719 2558 prae
735 2502 766 2543 se
780 2485 902 2542 ferrent.
933 2483 1048 2558 Quippe
1065 2482 1137 2542 Ciris

185 2572 215 2628 et
230 2566 323 2627 Culex
343 2566 495 2627 simillima
516 2567 698 2642 epithalamii
718 2567 799 2625 Pelei
820 2567 929 2641 Iusque
950 2585 983 2624 ac
999 2567 1137 2642 Zmynae.

185 2653 335 2724 Quantum
350 2651 387 2709 ad
398 2651 555 2724 Moratum,
569 2647 673 2710 Sueius
688 2654 784 2725 poeta,
800 2669 889 2724 quem
903 2651 995 2708 etiam
1005 2649 1139 2709 Caesaris

185 2735 337 2796 dictatoris
353 2735 505 2810 aequalem
518 2735 610 2794 fuisse
621 2736 765 2810 plurimos
780 2734 869 2793 habet
882 2751 1021 2792 numeros
1035 2735 1139 2808 probe·

184 2821 309 2881 bilitatis
335 2819 495 2895 scripserat
520 2834 638 2876 carmen
664 2818 768 2877 eodem
793 2817 881 2876 titulo
907 2817 1030 2892 parique
1055 2835 1141 2893 argu-

185 2909 285 2963 mento
306 2907 337 2963 et
357 2905 463 2963 metro.
493 2901 629 2960 Eundem
652 2901 741 2961 etiam
762 2902 812 2961 rel
832 2901 906 2960 alios
920 2901 982 2960 eius
997 2901 1140 2975 temporis

185 2989 288 3063 poetas
310 2987 418 3046 similia
437 2987 577 3062 pleraque
597 2985 702 3062 idyllia
726 2985 924 3059 composuisse
945 2987 991 3044 sat
1017 2987 1140 3056 constat,

186 3079 260 3146 quos
281 3070 373 3128 secuti
395 3073 464 3130 sunt
478 3086 552 3130 saec.
567 3089 596 3145 p.
613 3067 667 3129 Oh
681 3067 713 3127 Π
727 3072 758 3127 et
772 3068 818 3126 ΠΙ
837 3068 993 3126 Annianus
1013 3069 1044 3124 et
1059 3068 1140 3126 Sere·

185 3171 252 3214 nus.
284 3151 423 3228 Congius
443 3155 542 3212 autem
557 3154 686 3213 carmine
705 3169 845 3228 agnosces
859 3152 891 3210 in
911 3153 1026 3226 sylloge
1041 3153 1142 3209 nostra

186 3237 299 3312 Copam
319 3253 374 3294 nec
394 3235 491 3295 minus
508 3236 609 3310 Diras,
630 3255 702 3312 quas
723 3235 841 3310 quidem
860 3235 887 3294 is
905 3235 957 3309 qui
978 3236 1143 3310 composuit

185 3323 262 3382 hanc
285 3317 485 3394 anthologiam
505 3319 616 3393 pariter
631 3337 697 3378 cum
712 3319 793 3378 omni
808 3320 984 3393 antiquitate
999 3317 1086 3376 unius
1100 3317 1141 3376 vi-

187 3405 275 3462 detur
294 3401 442 3459 carminis
455 3403 550 3460 instar
568 3401 714 3462 habuisse.
750 3393 989 3460 denotandam
1008 3401 1063 3459 hoc
1084 3419 1142 3458 car·

188 3487 269 3546 mine
289 3483 474 3560 apertissima
495 3488 648 3544 cantorum
668 3484 867 3557 Euphorionis
893 3483 1020 3542 imitatio
1041 3485 1091 3542 vel
1110 3501 1145 3540 ea
