<?xml version="1.0" encoding="UTF-8"?>
<!DOCTYPE html PUBLIC "-//W3C//DTD XHTML 1.0 Transitional//EN"
    "http://www.w3.org/TR/xhtml1/DTD/xhtml1-transitional.dtd">
<html xmlns="http://www.w3.org/1999/xhtml" xml:lang="en" lang="en">
 <head>
  <title>
</title>
<meta http-equiv="Content-Type" content="text/html;charset=utf-8" />
  <meta name='ocr-system' content='tesseract 3.04.00' />
  <meta name='ocr-capabilities' content='ocr_page ocr_carea ocr_par ocr_line ocrx_word'/>
</head>
<body>
  <div class='ocr_page' id='page_1' title='image "./catvllitibvllip00priagoog_0253.png"; bbox 0 0 2468 4036; ppageno 0'>
   <div class='ocr_carea' id='block_1_1' title="bbox 433 257 1018 318">
    <p class='ocr_par' dir='ltr' id='par_1_1' title="bbox 433 257 1018 318">
     <span class='ocr_line' id='line_1_1' title="bbox 433 257 1018 318; baseline 0.01 -6"><span class='ocrx_word' id='word_1_1' title='bbox 433 257 647 315; x_wconf 80' lang='lat' dir='ltr'><strong>PRAEFATIO.</strong></span> <span class='ocrx_word' id='word_1_2' title='bbox 946 269 1018 318; x_wconf 79' lang='lat' dir='ltr'><strong>XXV</strong></span> 
     </span>
    </p>
   </div>
   <div class='ocr_carea' id='block_1_2' title="bbox 113 425 1122 514">
    <p class='ocr_par' dir='ltr' id='par_1_2' title="bbox 113 425 1122 514">
     <span class='ocr_line' id='line_1_2' title="bbox 113 425 1122 514; baseline 0.005 -30"><span class='ocrx_word' id='word_1_3' title='bbox 113 425 158 484; x_wconf 88' lang='lat' dir='ltr'><strong>ib.</strong></span> <span class='ocrx_word' id='word_1_4' title='bbox 175 427 195 485; x_wconf 82' lang='grc'><strong>6</strong></span> <span class='ocrx_word' id='word_1_5' title='bbox 209 431 236 485; x_wconf 79' lang='lat' dir='ltr'><strong>et</strong></span> <span class='ocrx_word' id='word_1_6' title='bbox 249 425 335 486; x_wconf 75' lang='lat' dir='ltr'><strong>noble</strong></span> <span class='ocrx_word' id='word_1_7' title='bbox 343 441 444 498; x_wconf 66' lang='lat' dir='ltr'><strong>procu</strong></span> <span class='ocrx_word' id='word_1_8' title='bbox 456 425 549 496; x_wconf 74' lang='lat' dir='ltr'><strong>funde</strong></span> <span class='ocrx_word' id='word_1_9' title='bbox 562 426 694 486; x_wconf 73' lang='lat' dir='ltr'><strong>Falerna</strong></span> <span class='ocrx_word' id='word_1_10' title='bbox 707 443 808 486; x_wconf 72' lang='lat' dir='ltr'><strong>mou.</strong></span> <span class='ocrx_word' id='word_1_11' title='bbox 839 426 916 486; x_wconf 84' lang='lat' dir='ltr'><strong>Scal.</strong></span> <span class='ocrx_word' id='word_1_12' title='bbox 931 429 952 502; x_wconf 84' lang='lat' dir='ltr'><strong>i,</strong></span> <span class='ocrx_word' id='word_1_13' title='bbox 967 446 1019 503; x_wconf 86' lang='lat' dir='ltr'><strong>po·</strong></span> <span class='ocrx_word' id='word_1_14' title='bbox 1119 509 1122 514; x_wconf 20' lang='grc'>1</span> 
     </span>
    </p>
   </div>
   <div class='ocr_carea' id='block_1_3' title="bbox 22 514 1023 3523">
    <p class='ocr_par' dir='ltr' id='par_1_3' title="bbox 22 514 175 571">
     <span class='ocr_line' id='line_1_3' title="bbox 22 514 175 571; baseline -0.026 -1"><span class='ocrx_word' id='word_1_15' title='bbox 22 514 111 571; x_wconf 84' lang='lat' dir='ltr'><strong>tius</strong></span> <span class='ocrx_word' id='word_1_16' title='bbox 128 527 175 569; x_wconf 74' lang='lat' dir='ltr'><strong>cre.</strong></span> 
     </span>
    </p>

    <p class='ocr_par' dir='ltr' id='par_1_4' title="bbox 25 593 1019 752">
     <span class='ocr_line' id='line_1_4' title="bbox 114 593 1019 678; baseline 0.004 -26"><span class='ocrx_word' id='word_1_17' title='bbox 114 595 160 652; x_wconf 91' lang='lat' dir='ltr'><strong>ib.</strong></span> <span class='ocrx_word' id='word_1_18' title='bbox 175 593 216 651; x_wconf 94' lang='grc'><strong>21</strong></span> <span class='ocrx_word' id='word_1_19' title='bbox 238 594 370 653; x_wconf 66' lang='lat' dir='ltr'><strong>mevenit</strong></span> <span class='ocrx_word' id='word_1_20' title='bbox 382 623 424 678; x_wconf 55' lang='grc'><strong>,-</strong></span> <span class='ocrx_word' id='word_1_21' title='bbox 438 609 550 654; x_wconf 70' lang='lat' dir='ltr'><strong>revoca</strong></span> <span class='ocrx_word' id='word_1_22' title='bbox 569 593 792 668; x_wconf 70' lang='lat' dir='ltr'><strong>technarum,</strong></span> <span class='ocrx_word' id='word_1_23' title='bbox 812 611 874 654; x_wconf 76' lang='lat' dir='ltr'><strong>oon</strong></span> <span class='ocrx_word' id='word_1_24' title='bbox 887 597 965 656; x_wconf 75' lang='lat' dir='ltr'><strong>veuit</strong></span> <span class='ocrx_word' id='word_1_25' title='bbox 978 626 1019 638; x_wconf 93' lang='lat'><strong>-·</strong></span> 
     </span>
     <span class='ocr_line' id='line_1_5' title="bbox 25 673 889 752; baseline -0.005 -12"><span class='ocrx_word' id='word_1_26' title='bbox 25 695 170 740; x_wconf 77' lang='lat' dir='ltr'><strong>severus</strong></span> <span class='ocrx_word' id='word_1_27' title='bbox 184 676 249 735; x_wconf 90' lang='lat' dir='ltr'><strong>cdd.</strong></span> <span class='ocrx_word' id='word_1_28' title='bbox 265 677 411 752; x_wconf 87' lang='lat' dir='ltr'><strong>plerique.</strong></span> <span class='ocrx_word' id='word_1_29' title='bbox 715 699 717 704; x_wconf 56' lang='lat'><strong><em>¹</em></strong></span> <span class='ocrx_word' id='word_1_30' title='bbox 887 673 889 678; x_wconf 78' lang='grc'><strong>’</strong></span> 
     </span>
    </p>

    <p class='ocr_par' dir='ltr' id='par_1_5' title="bbox 114 760 796 836">
     <span class='ocr_line' id='line_1_6' title="bbox 114 760 796 836; baseline -0.001 -16"><span class='ocrx_word' id='word_1_31' title='bbox 114 762 159 820; x_wconf 90' lang='lat' dir='ltr'><strong>ib.</strong></span> <span class='ocrx_word' id='word_1_32' title='bbox 175 761 216 820; x_wconf 81' lang='grc'><strong>32</strong></span> <span class='ocrx_word' id='word_1_33' title='bbox 231 762 353 830; x_wconf 59' lang='lat' dir='ltr'><strong>multem</strong></span> <span class='ocrx_word' id='word_1_34' title='bbox 367 761 477 822; x_wconf 57' lang='lat' dir='ltr'><strong>mutue</strong></span> <span class='ocrx_word' id='word_1_35' title='bbox 490 760 694 836; x_wconf 88' lang='lat' dir='ltr'><strong>recipiendum</strong></span> <span class='ocrx_word' id='word_1_36' title='bbox 708 779 745 823; x_wconf 86' lang='lat' dir='ltr'><strong>ox</strong></span> <span class='ocrx_word' id='word_1_37' title='bbox 757 761 796 822; x_wconf 81' lang='lat' dir='ltr'><strong>A.</strong></span> 
     </span>
    </p>

    <p class='ocr_par' dir='ltr' id='par_1_6' title="bbox 114 843 495 917">
     <span class='ocr_line' id='line_1_7' title="bbox 114 843 495 917; baseline 0.003 -14"><span class='ocrx_word' id='word_1_38' title='bbox 114 846 160 904; x_wconf 88' lang='lat' dir='ltr'><strong>ib.</strong></span> <span class='ocrx_word' id='word_1_39' title='bbox 176 845 216 905; x_wconf 83' lang='lat'><strong>33</strong></span> <span class='ocrx_word' id='word_1_40' title='bbox 231 847 275 916; x_wconf 66' lang='grc' dir='ltr'><strong>εἰς</strong></span> <span class='ocrx_word' id='word_1_41' title='bbox 290 849 316 904; x_wconf 84' lang='lat' dir='ltr'><strong>et</strong></span> <span class='ocrx_word' id='word_1_42' title='bbox 329 843 391 917; x_wconf 69' lang='lat' dir='ltr'><strong>rr„</strong></span> <span class='ocrx_word' id='word_1_43' title='bbox 406 845 453 905; x_wconf 71' lang='lat' dir='ltr'><strong>tei</strong></span> <span class='ocrx_word' id='word_1_44' title='bbox 466 864 495 906; x_wconf 82' lang='lat' dir='ltr'><strong>v.</strong></span> 
     </span>
    </p>

    <p class='ocr_par' dir='ltr' id='par_1_7' title="bbox 32 927 1021 2184">
     <span class='ocr_line' id='line_1_8' title="bbox 114 927 1019 1004; baseline 0.004 -17"><span class='ocrx_word' id='word_1_45' title='bbox 114 929 160 988; x_wconf 84' lang='lat' dir='ltr'><strong>ib.</strong></span> <span class='ocrx_word' id='word_1_46' title='bbox 176 929 227 988; x_wconf 83' lang='lat'><strong>38.</strong></span> <span class='ocrx_word' id='word_1_47' title='bbox 249 928 384 1004; x_wconf 77' lang='lat' dir='ltr'><strong>Apparet</strong></span> <span class='ocrx_word' id='word_1_48' title='bbox 397 931 467 1004; x_wconf 87' lang='lat' dir='ltr'><strong>post</strong></span> <span class='ocrx_word' id='word_1_49' title='bbox 480 927 509 986; x_wconf 89' lang='lat' dir='ltr'><strong>h.</strong></span> <span class='ocrx_word' id='word_1_50' title='bbox 524 948 553 990; x_wconf 84' lang='lat' dir='ltr'><strong>v.</strong></span> <span class='ocrx_word' id='word_1_51' title='bbox 570 946 634 988; x_wconf 87' lang='lat' dir='ltr'><strong>esse</strong></span> <span class='ocrx_word' id='word_1_52' title='bbox 649 928 795 992; x_wconf 75' lang='lat' dir='ltr'><strong>lecumm.</strong></span> <span class='ocrx_word' id='word_1_53' title='bbox 821 929 925 1004; x_wconf 84' lang='lat' dir='ltr'><strong>Neque</strong></span> <span class='ocrx_word' id='word_1_54' title='bbox 940 931 1019 990; x_wconf 90' lang='lat' dir='ltr'><strong>enim</strong></span> 
     </span>
     <span class='ocr_line' id='line_1_9' title="bbox 32 1011 1018 1090; baseline 0.002 -18"><span class='ocrx_word' id='word_1_55' title='bbox 32 1013 117 1072; x_wconf 88' lang='lat' dir='ltr'><strong>ullo</strong></span> <span class='ocrx_word' id='word_1_56' title='bbox 133 1012 223 1072; x_wconf 90' lang='lat' dir='ltr'><strong>modo</strong></span> <span class='ocrx_word' id='word_1_57' title='bbox 239 1011 366 1072; x_wconf 85' lang='lat' dir='ltr'><strong>adduces</strong></span> <span class='ocrx_word' id='word_1_58' title='bbox 380 1018 416 1071; x_wconf 93' lang='lat' dir='ltr'><strong>ut</strong></span> <span class='ocrx_word' id='word_1_59' title='bbox 429 1012 548 1072; x_wconf 87' lang='lat' dir='ltr'><strong>credam</strong></span> <span class='ocrx_word' id='word_1_60' title='bbox 569 1015 633 1072; x_wconf 90' lang='lat' dir='ltr'><strong>tam</strong></span> <span class='ocrx_word' id='word_1_61' title='bbox 647 1013 774 1089; x_wconf 88' lang='lat' dir='ltr'><strong>abrupto</strong></span> <span class='ocrx_word' id='word_1_62' title='bbox 789 1031 924 1074; x_wconf 83' lang='lat' dir='ltr'><strong>sermone</strong></span> <span class='ocrx_word' id='word_1_63' title='bbox 938 1013 1018 1090; x_wconf 79' lang='lat' dir='ltr'><strong>Lyg-</strong></span> 
     </span>
     <span class='ocr_line' id='line_1_10' title="bbox 35 1096 1020 1173; baseline 0.002 -17"><span class='ocrx_word' id='word_1_64' title='bbox 35 1099 178 1156; x_wconf 87' lang='lat' dir='ltr'><strong>damum</strong></span> <span class='ocrx_word' id='word_1_65' title='bbox 193 1115 280 1155; x_wconf 88' lang='lat' dir='ltr'><strong>usum</strong></span> <span class='ocrx_word' id='word_1_66' title='bbox 295 1115 360 1156; x_wconf 87' lang='lat' dir='ltr'><strong>esse</strong></span> <span class='ocrx_word' id='word_1_67' title='bbox 374 1096 412 1155; x_wconf 86' lang='lat' dir='ltr'><strong>ad</strong></span> <span class='ocrx_word' id='word_1_68' title='bbox 426 1096 619 1172; x_wconf 89' lang='lat' dir='ltr'><strong>repetendam</strong></span> <span class='ocrx_word' id='word_1_69' title='bbox 632 1116 723 1173; x_wconf 84' lang='lat' dir='ltr'><strong>quam</strong></span> <span class='ocrx_word' id='word_1_70' title='bbox 737 1117 786 1159; x_wconf 82' lang='lat' dir='ltr'><strong>uu.</strong></span> <span class='ocrx_word' id='word_1_71' title='bbox 803 1099 853 1170; x_wconf 78' lang='lat'><strong>25,</strong></span> <span class='ocrx_word' id='word_1_72' title='bbox 870 1099 919 1158; x_wconf 86' lang='grc'><strong>26.</strong></span> <span class='ocrx_word' id='word_1_73' title='bbox 936 1099 1020 1158; x_wconf 84' lang='grc'><strong>33-</strong></span> 
     </span>
     <span class='ocr_line' id='line_1_11' title="bbox 38 1178 1019 1258; baseline 0 -16"><span class='ocrx_word' id='word_1_74' title='bbox 38 1184 92 1242; x_wconf 90' lang='grc'><strong>36</strong></span> <span class='ocrx_word' id='word_1_75' title='bbox 109 1183 309 1257; x_wconf 82' lang='lat' dir='ltr'><strong>proposuerat</strong></span> <span class='ocrx_word' id='word_1_76' title='bbox 322 1181 510 1240; x_wconf 75' lang='lat' dir='ltr'><strong>sententiam.</strong></span> <span class='ocrx_word' id='word_1_77' title='bbox 536 1178 662 1240; x_wconf 79' lang='lat' dir='ltr'><strong>Accedit</strong></span> <span class='ocrx_word' id='word_1_78' title='bbox 674 1181 755 1258; x_wconf 85' lang='lat' dir='ltr'><strong>qnod</strong></span> <span class='ocrx_word' id='word_1_79' title='bbox 768 1181 858 1256; x_wconf 84' lang='lat' dir='ltr'><strong>idem,</strong></span> <span class='ocrx_word' id='word_1_80' title='bbox 872 1199 939 1242; x_wconf 88' lang='lat' dir='ltr'><strong>cum</strong></span> <span class='ocrx_word' id='word_1_81' title='bbox 953 1183 1019 1242; x_wconf 88' lang='lat' dir='ltr'><strong>toto</strong></span> 
     </span>
     <span class='ocr_line' id='line_1_12' title="bbox 36 1264 1021 1342; baseline 0.002 -19"><span class='ocrx_word' id='word_1_82' title='bbox 36 1267 108 1325; x_wconf 90' lang='lat' dir='ltr'><strong>hoc</strong></span> <span class='ocrx_word' id='word_1_83' title='bbox 125 1265 254 1324; x_wconf 76' lang='lat' dir='ltr'><strong>ammius</strong></span> <span class='ocrx_word' id='word_1_84' title='bbox 262 1265 439 1340; x_wconf 83' lang='lat' dir='ltr'><strong>puellarum</strong></span> <span class='ocrx_word' id='word_1_85' title='bbox 454 1264 490 1324; x_wconf 92' lang='lat' dir='ltr'><strong>de</strong></span> <span class='ocrx_word' id='word_1_86' title='bbox 513 1264 638 1341; x_wconf 85' lang='lat' dir='ltr'><strong>perfidia</strong></span> <span class='ocrx_word' id='word_1_87' title='bbox 651 1265 691 1326; x_wconf 87' lang='lat' dir='ltr'><strong>sit</strong></span> <span class='ocrx_word' id='word_1_88' title='bbox 704 1268 842 1341; x_wconf 87' lang='lat' dir='ltr'><strong>questus,</strong></span> <span class='ocrx_word' id='word_1_89' title='bbox 861 1283 901 1329; x_wconf 91' lang='lat' dir='ltr'><strong>ue</strong></span> <span class='ocrx_word' id='word_1_90' title='bbox 920 1267 1021 1342; x_wconf 75' lang='lat' dir='ltr'><strong>potuIt</strong></span> 
     </span>
     <span class='ocr_line' id='line_1_13' title="bbox 38 1348 1020 1426; baseline 0.003 -19"><span class='ocrx_word' id='word_1_91' title='bbox 38 1349 177 1425; x_wconf 88' lang='lat' dir='ltr'><strong>quidem</strong></span> <span class='ocrx_word' id='word_1_92' title='bbox 195 1349 253 1408; x_wconf 89' lang='lat' dir='ltr'><strong>hoc</strong></span> <span class='ocrx_word' id='word_1_93' title='bbox 272 1349 337 1408; x_wconf 89' lang='lat' dir='ltr'><strong>loco</strong></span> <span class='ocrx_word' id='word_1_94' title='bbox 353 1348 492 1425; x_wconf 81' lang='lat' dir='ltr'><strong>deceptae</strong></span> <span class='ocrx_word' id='word_1_95' title='bbox 507 1350 603 1408; x_wconf 85' lang='lat' dir='ltr'><strong>avire</strong></span> <span class='ocrx_word' id='word_1_96' title='bbox 619 1349 747 1412; x_wconf 79' lang='lat' dir='ltr'><strong>feminae</strong></span> <span class='ocrx_word' id='word_1_97' title='bbox 766 1351 936 1426; x_wconf 84' lang='lat' dir='ltr'><strong>exemplum</strong></span> <span class='ocrx_word' id='word_1_98' title='bbox 951 1369 1020 1425; x_wconf 80' lang='lat' dir='ltr'><strong>pro-¹</strong></span> 
     </span>
     <span class='ocr_line' id='line_1_14' title="bbox 39 1431 1019 1511; baseline 0 -19"><span class='ocrx_word' id='word_1_99' title='bbox 39 1449 168 1509; x_wconf 88' lang='lat' dir='ltr'><strong>ponere</strong></span> <span class='ocrx_word' id='word_1_100' title='bbox 182 1432 240 1492; x_wconf 92' lang='lat' dir='ltr'><strong>nisi</strong></span> <span class='ocrx_word' id='word_1_101' title='bbox 254 1432 286 1490; x_wconf 88' lang='lat' dir='ltr'><strong>id</strong></span> <span class='ocrx_word' id='word_1_102' title='bbox 300 1431 447 1492; x_wconf 83' lang='lat' dir='ltr'><strong>munisset</strong></span> <span class='ocrx_word' id='word_1_103' title='bbox 469 1434 618 1492; x_wconf 84' lang='lat' dir='ltr'><strong>sententis</strong></span> <span class='ocrx_word' id='word_1_104' title='bbox 632 1437 666 1492; x_wconf 86' lang='lat' dir='ltr'><strong>ut</strong></span> <span class='ocrx_word' id='word_1_105' title='bbox 679 1438 753 1509; x_wconf 83' lang='lat' dir='ltr'><strong>pute</strong></span> <span class='ocrx_word' id='word_1_106' title='bbox 765 1434 821 1494; x_wconf 83' lang='lat' dir='ltr'><strong>tali</strong></span> <span class='ocrx_word' id='word_1_107' title='bbox 835 1434 931 1510; x_wconf 89' lang='lat' dir='ltr'><strong>qualis</strong></span> <span class='ocrx_word' id='word_1_108' title='bbox 945 1434 1019 1511; x_wconf 81' lang='lat' dir='ltr'><strong>legi·</strong></span> 
     </span>
     <span class='ocr_line' id='line_1_15' title="bbox 40 1513 1020 1581; baseline 0.001 -6"><span class='ocrx_word' id='word_1_109' title='bbox 40 1519 104 1575; x_wconf 87' lang='lat' dir='ltr'><strong>tur</strong></span> <span class='ocrx_word' id='word_1_110' title='bbox 119 1515 199 1574; x_wconf 85' lang='lat' dir='ltr'><strong>infra</strong></span> <span class='ocrx_word' id='word_1_111' title='bbox 218 1535 268 1576; x_wconf 83' lang='lat' dir='ltr'><strong>vv.</strong></span> <span class='ocrx_word' id='word_1_112' title='bbox 284 1516 334 1575; x_wconf 89' lang='grc'><strong>49.</strong></span> <span class='ocrx_word' id='word_1_113' title='bbox 351 1516 401 1578; x_wconf 82' lang='grc'><strong>50.</strong></span> <span class='ocrx_word' id='word_1_114' title='bbox 431 1513 573 1576; x_wconf 82' lang='lat' dir='ltr'><strong>Ceterum</strong></span> <span class='ocrx_word' id='word_1_115' title='bbox 591 1516 751 1576; x_wconf 77' lang='lat' dir='ltr'><strong>facillimus</strong></span> <span class='ocrx_word' id='word_1_116' title='bbox 765 1521 831 1578; x_wconf 87' lang='lat' dir='ltr'><strong>erat</strong></span> <span class='ocrx_word' id='word_1_117' title='bbox 844 1519 1020 1581; x_wconf 85' lang='lat' dir='ltr'><strong>transitusa</strong></span> 
     </span>
     <span class='ocr_line' id='line_1_16' title="bbox 42 1599 1017 1675; baseline 0 -17"><span class='ocrx_word' id='word_1_118' title='bbox 42 1601 184 1672; x_wconf 83' lang='lat' dir='ltr'><strong>Lenaeo,</strong></span> <span class='ocrx_word' id='word_1_119' title='bbox 200 1599 282 1658; x_wconf 89' lang='lat' dir='ltr'><strong>cuius</strong></span> <span class='ocrx_word' id='word_1_120' title='bbox 297 1600 409 1667; x_wconf 88' lang='lat' dir='ltr'><strong>mentio</strong></span> <span class='ocrx_word' id='word_1_121' title='bbox 424 1601 560 1674; x_wconf 83' lang='lat' dir='ltr'><strong>proximo</strong></span> <span class='ocrx_word' id='word_1_122' title='bbox 575 1603 643 1662; x_wconf 85' lang='lat' dir='ltr'><strong>ante</strong></span> <span class='ocrx_word' id='word_1_123' title='bbox 658 1601 794 1662; x_wconf 85' lang='lat' dir='ltr'><strong>lacunam</strong></span> <span class='ocrx_word' id='word_1_124' title='bbox 807 1621 837 1663; x_wconf 83' lang='lat' dir='ltr'><strong>v.</strong></span> <span class='ocrx_word' id='word_1_125' title='bbox 852 1602 931 1662; x_wconf 84' lang='lat' dir='ltr'><strong>iacta</strong></span> <span class='ocrx_word' id='word_1_126' title='bbox 944 1604 1017 1675; x_wconf 81' lang='lat' dir='ltr'><strong>eret,</strong></span> 
     </span>
     <span class='ocr_line' id='line_1_17' title="bbox 43 1683 1020 1760; baseline 0.002 -18"><span class='ocrx_word' id='word_1_127' title='bbox 43 1685 90 1742; x_wconf 86' lang='lat' dir='ltr'><strong>ad</strong></span> <span class='ocrx_word' id='word_1_128' title='bbox 102 1683 278 1757; x_wconf 84' lang='lat' dir='ltr'><strong>Ariadnam,</strong></span> <span class='ocrx_word' id='word_1_129' title='bbox 291 1683 375 1742; x_wconf 82' lang='lat' dir='ltr'><strong>cuius</strong></span> <span class='ocrx_word' id='word_1_130' title='bbox 389 1683 526 1744; x_wconf 86' lang='lat' dir='ltr'><strong>tristibus</strong></span> <span class='ocrx_word' id='word_1_131' title='bbox 540 1685 640 1745; x_wconf 80' lang='lat' dir='ltr'><strong>verbIs</strong></span> <span class='ocrx_word' id='word_1_132' title='bbox 656 1685 773 1746; x_wconf 81' lang='lat' dir='ltr'><strong>obviem</strong></span> <span class='ocrx_word' id='word_1_133' title='bbox 787 1685 846 1745; x_wconf 80' lang='lat' dir='ltr'><strong>lese</strong></span> <span class='ocrx_word' id='word_1_134' title='bbox 861 1703 916 1760; x_wconf 85' lang='lat' dir='ltr'><strong>pro</strong></span> <span class='ocrx_word' id='word_1_135' title='bbox 931 1686 1020 1745; x_wconf 86' lang='lat' dir='ltr'><strong>solita</strong></span> 
     </span>
     <span class='ocr_line' id='line_1_18' title="bbox 44 1765 1019 1844; baseline 0.002 -18"><span class='ocrx_word' id='word_1_136' title='bbox 44 1767 283 1827; x_wconf 85' lang='lat' dir='ltr'><strong>mansuetudine</strong></span> <span class='ocrx_word' id='word_1_137' title='bbox 300 1765 448 1826; x_wconf 87' lang='lat' dir='ltr'><strong>Bacchum</strong></span> <span class='ocrx_word' id='word_1_138' title='bbox 466 1771 498 1826; x_wconf 92' lang='lat' dir='ltr'><strong>et</strong></span> <span class='ocrx_word' id='word_1_139' title='bbox 517 1768 600 1828; x_wconf 86' lang='lat' dir='ltr'><strong>illius</strong></span> <span class='ocrx_word' id='word_1_140' title='bbox 618 1769 689 1828; x_wconf 83' lang='lat' dir='ltr'><strong>fatis</strong></span> <span class='ocrx_word' id='word_1_141' title='bbox 707 1787 849 1844; x_wconf 84' lang='lat' dir='ltr'><strong>apparere</strong></span> <span class='ocrx_word' id='word_1_142' title='bbox 863 1787 900 1828; x_wconf 90' lang='lat' dir='ltr'><strong>ne</strong></span> <span class='ocrx_word' id='word_1_143' title='bbox 916 1769 1019 1829; x_wconf 87' lang='lat' dir='ltr'><strong>eviris</strong></span> 
     </span>
     <span class='ocr_line' id='line_1_19' title="bbox 45 1850 1019 1929; baseline 0.002 -19"><span class='ocrx_word' id='word_1_144' title='bbox 45 1851 178 1928; x_wconf 88' lang='lat' dir='ltr'><strong>quidem</strong></span> <span class='ocrx_word' id='word_1_145' title='bbox 200 1850 326 1910; x_wconf 86' lang='lat' dir='ltr'><strong>alienam</strong></span> <span class='ocrx_word' id='word_1_146' title='bbox 344 1851 499 1927; x_wconf 90' lang='lat' dir='ltr'><strong>perfidiam</strong></span> <span class='ocrx_word' id='word_1_147' title='bbox 518 1852 597 1910; x_wconf 86' lang='lat' dir='ltr'><strong>haud</strong></span> <span class='ocrx_word' id='word_1_148' title='bbox 622 1852 711 1911; x_wconf 89' lang='lat' dir='ltr'><strong>dubie</strong></span> <span class='ocrx_word' id='word_1_149' title='bbox 736 1853 855 1929; x_wconf 84' lang='lat' dir='ltr'><strong>longius</strong></span> <span class='ocrx_word' id='word_1_150' title='bbox 880 1854 1019 1914; x_wconf 82' lang='lat' dir='ltr'><strong>executus</strong></span> 
     </span>
     <span class='ocr_line' id='line_1_20' title="bbox 47 1934 1019 2011; baseline -0.001 -16"><span class='ocrx_word' id='word_1_151' title='bbox 47 1939 121 1995; x_wconf 89' lang='lat' dir='ltr'><strong>erat</strong></span> <span class='ocrx_word' id='word_1_152' title='bbox 135 1935 317 2011; x_wconf 78' lang='lat' dir='ltr'><strong>Lygdamus.</strong></span> <span class='ocrx_word' id='word_1_153' title='bbox 340 1934 481 1996; x_wconf 78' lang='lat' dir='ltr'><strong>(laterum</strong></span> <span class='ocrx_word' id='word_1_154' title='bbox 495 1954 533 1996; x_wconf 92' lang='lat' dir='ltr'><strong>ne</strong></span> <span class='ocrx_word' id='word_1_155' title='bbox 547 1935 603 1996; x_wconf 89' lang='lat' dir='ltr'><strong>hoc</strong></span> <span class='ocrx_word' id='word_1_156' title='bbox 617 1935 737 2011; x_wconf 89' lang='lat' dir='ltr'><strong>quidam</strong></span> <span class='ocrx_word' id='word_1_157' title='bbox 752 1954 805 1997; x_wconf 88' lang='lat' dir='ltr'><strong>sua</strong></span> <span class='ocrx_word' id='word_1_158' title='bbox 819 1939 901 1997; x_wconf 87' lang='lat' dir='ltr'><strong>caret</strong></span> <span class='ocrx_word' id='word_1_159' title='bbox 914 1937 1019 2011; x_wconf 89' lang='lat' dir='ltr'><strong>proba-</strong></span> 
     </span>
     <span class='ocr_line' id='line_1_21' title="bbox 47 2019 1018 2098; baseline 0.002 -20"><span class='ocrx_word' id='word_1_160' title='bbox 47 2019 175 2078; x_wconf 82' lang='lat' dir='ltr'><strong>bilitate</strong></span> <span class='ocrx_word' id='word_1_161' title='bbox 190 2019 280 2078; x_wconf 85' lang='lat' dir='ltr'><strong>eliam</strong></span> <span class='ocrx_word' id='word_1_162' title='bbox 294 2022 364 2095; x_wconf 91' lang='lat' dir='ltr'><strong>post</strong></span> <span class='ocrx_word' id='word_1_163' title='bbox 376 2039 406 2079; x_wconf 87' lang='lat' dir='ltr'><strong>v.</strong></span> <span class='ocrx_word' id='word_1_164' title='bbox 418 2020 459 2078; x_wconf 86' lang='grc'><strong>42</strong></span> <span class='ocrx_word' id='word_1_165' title='bbox 473 2019 619 2095; x_wconf 84' lang='lat' dir='ltr'><strong>quasdam</strong></span> <span class='ocrx_word' id='word_1_166' title='bbox 633 2019 815 2098; x_wconf 79' lang='lat' dir='ltr'><strong>intercepte3</strong></span> <span class='ocrx_word' id='word_1_167' title='bbox 829 2039 900 2082; x_wconf 90' lang='lat' dir='ltr'><strong>nam</strong></span> <span class='ocrx_word' id='word_1_168' title='bbox 914 2020 1018 2096; x_wconf 74' lang='lat' dir='ltr'><strong>liquet</strong></span> 
     </span>
     <span class='ocr_line' id='line_1_22' title="bbox 50 2103 656 2184; baseline 0.003 -22"><span class='ocrx_word' id='word_1_169' title='bbox 50 2105 172 2180; x_wconf 85' lang='lat' dir='ltr'><strong>opinor,</strong></span> <span class='ocrx_word' id='word_1_170' title='bbox 187 2103 322 2178; x_wconf 84' lang='lat' dir='ltr'><strong>proxime</strong></span> <span class='ocrx_word' id='word_1_171' title='bbox 335 2104 434 2184; x_wconf 74' lang='lat' dir='ltr'><strong>miuus</strong></span> <span class='ocrx_word' id='word_1_172' title='bbox 449 2107 518 2180; x_wconf 81' lang='lat' dir='ltr'><strong>apte</strong></span> <span class='ocrx_word' id='word_1_173' title='bbox 532 2105 656 2164; x_wconf 88' lang='lat' dir='ltr'><strong>conecti.</strong></span> 
     </span>
    </p>

    <p class='ocr_par' dir='ltr' id='par_1_8' title="bbox 51 2186 1021 2416">
     <span class='ocr_line' id='line_1_23' title="bbox 119 2186 1021 2266; baseline 0.003 -21"><span class='ocrx_word' id='word_1_174' title='bbox 119 2187 160 2247; x_wconf 89' lang='lat' dir='ltr'><strong>ib.</strong></span> <span class='ocrx_word' id='word_1_175' title='bbox 176 2187 218 2245; x_wconf 91' lang='grc'><strong>44</strong></span> <span class='ocrx_word' id='word_1_176' title='bbox 238 2205 334 2248; x_wconf 83' lang='lat' dir='ltr'><strong>curere</strong></span> <span class='ocrx_word' id='word_1_177' title='bbox 346 2187 452 2260; x_wconf 80' lang='lat' dir='ltr'>ABG,</span> <span class='ocrx_word' id='word_1_178' title='bbox 474 2205 572 2250; x_wconf 77' lang='lat' dir='ltr'><strong>caum</strong></span> <span class='ocrx_word' id='word_1_179' title='bbox 592 2186 708 2261; x_wconf 77' lang='lat' dir='ltr'><strong>Ouiae,</strong></span> <span class='ocrx_word' id='word_1_180' title='bbox 727 2205 789 2249; x_wconf 79' lang='lat' dir='ltr'><strong>exc.</strong></span> <span class='ocrx_word' id='word_1_181' title='bbox 804 2188 945 2266; x_wconf 79' lang='lat' dir='ltr'><strong>Frising.,</strong></span> <span class='ocrx_word' id='word_1_182' title='bbox 966 2207 1021 2248; x_wconf 90' lang='lat' dir='ltr'><strong>nec</strong></span> 
     </span>
     <span class='ocr_line' id='line_1_24' title="bbox 51 2270 1019 2350; baseline 0.001 -20"><span class='ocrx_word' id='word_1_183' title='bbox 51 2273 146 2331; x_wconf 87' lang='lat' dir='ltr'><strong>aliter</strong></span> <span class='ocrx_word' id='word_1_184' title='bbox 160 2271 285 2347; x_wconf 85' lang='lat' dir='ltr'><strong>reliqua.</strong></span> <span class='ocrx_word' id='word_1_185' title='bbox 300 2302 343 2316; x_wconf 89' lang='lat'><em>-</em></span> <span class='ocrx_word' id='word_1_186' title='bbox 357 2277 407 2332; x_wconf 79' lang='lat' dir='ltr'><strong>tuo</strong></span> <span class='ocrx_word' id='word_1_187' title='bbox 421 2271 499 2332; x_wconf 83' lang='lat' dir='ltr'><strong>Fris.</strong></span> <span class='ocrx_word' id='word_1_188' title='bbox 513 2271 622 2346; x_wconf 79' lang='lat' dir='ltr'>ABG,</span> <span class='ocrx_word' id='word_1_189' title='bbox 637 2278 702 2334; x_wconf 77' lang='lat' dir='ltr'><strong>tuoe</strong></span> <span class='ocrx_word' id='word_1_190' title='bbox 717 2270 791 2350; x_wconf 90' lang='lat' dir='ltr'><strong>(uon</strong></span> <span class='ocrx_word' id='word_1_191' title='bbox 804 2271 894 2350; x_wconf 80' lang='lat' dir='ltr'><strong>toros)</strong></span> <span class='ocrx_word' id='word_1_192' title='bbox 911 2271 1019 2345; x_wconf 78' lang='lat' dir='ltr'><strong>Ouiae,</strong></span> 
     </span>
     <span class='ocr_line' id='line_1_25' title="bbox 51 2354 372 2416; baseline 0 -2"><span class='ocrx_word' id='word_1_193' title='bbox 51 2362 143 2416; x_wconf 77' lang='lat' dir='ltr'><strong>tumre</strong></span> <span class='ocrx_word' id='word_1_194' title='bbox 161 2354 240 2414; x_wconf 81' lang='lat' dir='ltr'><strong>Itali.</strong></span> <span class='ocrx_word' id='word_1_195' title='bbox 368 2397 372 2405; x_wconf 78' lang='lat'>·</span> 
     </span>
    </p>

    <p class='ocr_par' dir='ltr' id='par_1_9' title="bbox 47 2439 1022 2685">
     <span class='ocr_line' id='line_1_26' title="bbox 119 2439 1019 2516; baseline 0.003 -18"><span class='ocrx_word' id='word_1_196' title='bbox 119 2440 162 2498; x_wconf 91' lang='lat' dir='ltr'><strong>ib.</strong></span> <span class='ocrx_word' id='word_1_197' title='bbox 177 2441 218 2500; x_wconf 87' lang='grc'><strong>46</strong></span> <span class='ocrx_word' id='word_1_198' title='bbox 236 2441 359 2501; x_wconf 75' lang='lat' dir='ltr'><strong>subdolo</strong></span> <span class='ocrx_word' id='word_1_199' title='bbox 380 2439 418 2498; x_wconf 88' lang='lat' dir='ltr'><strong>N.</strong></span> <span class='ocrx_word' id='word_1_200' title='bbox 433 2439 591 2515; x_wconf 86' lang='lat' dir='ltr'><strong>Heinsius,</strong></span> <span class='ocrx_word' id='word_1_201' title='bbox 612 2443 732 2504; x_wconf 83' lang='lat' dir='ltr'><strong>sordida</strong></span> <span class='ocrx_word' id='word_1_202' title='bbox 745 2461 775 2502; x_wconf 80' lang='lat' dir='ltr'><strong>v.</strong></span> <span class='ocrx_word' id='word_1_203' title='bbox 795 2473 837 2486; x_wconf 86' lang='lat'><em>-</em></span> <span class='ocrx_word' id='word_1_204' title='bbox 853 2457 940 2516; x_wconf 74' lang='lat' dir='ltr'><strong>prece</strong></span> <span class='ocrx_word' id='word_1_205' title='bbox 958 2459 1019 2501; x_wconf 86' lang='lat' dir='ltr'><strong>exe.</strong></span> 
     </span>
     <span class='ocr_line' id='line_1_27' title="bbox 53 2522 1022 2602; baseline 0.003 -21"><span class='ocrx_word' id='word_1_206' title='bbox 53 2523 153 2583; x_wconf 88' lang='lat' dir='ltr'><strong>Paris.</strong></span> <span class='ocrx_word' id='word_1_207' title='bbox 169 2527 200 2582; x_wconf 91' lang='lat' dir='ltr'><strong>et</strong></span> <span class='ocrx_word' id='word_1_208' title='bbox 215 2523 290 2583; x_wconf 84' lang='lat' dir='ltr'><strong>Scal.</strong></span> <span class='ocrx_word' id='word_1_209' title='bbox 306 2542 341 2582; x_wconf 90' lang='lat' dir='ltr'><strong>ac</strong></span> <span class='ocrx_word' id='word_1_210' title='bbox 354 2522 457 2597; x_wconf 77' lang='lat' dir='ltr'><strong>Vino,</strong></span> <span class='ocrx_word' id='word_1_211' title='bbox 471 2525 528 2596; x_wconf 67' lang='lat' dir='ltr'><strong>fide</strong></span> <span class='ocrx_word' id='word_1_212' title='bbox 542 2525 608 2584; x_wconf 89' lang='lat' dir='ltr'><strong>cdd.</strong></span> <span class='ocrx_word' id='word_1_213' title='bbox 625 2527 701 2600; x_wconf 66' lang='lat' dir='ltr'><strong>Tib„</strong></span> <span class='ocrx_word' id='word_1_214' title='bbox 722 2525 802 2602; x_wconf 90' lang='lat' dir='ltr'><strong>quod</strong></span> <span class='ocrx_word' id='word_1_215' title='bbox 815 2525 936 2586; x_wconf 87' lang='lat' dir='ltr'><strong>videtur</strong></span> <span class='ocrx_word' id='word_1_216' title='bbox 948 2525 1022 2584; x_wconf 86' lang='lat' dir='ltr'><strong>irre·</strong></span> 
     </span>
     <span class='ocr_line' id='line_1_28' title="bbox 47 2607 294 2685; baseline 0 -19"><span class='ocrx_word' id='word_1_217' title='bbox 47 2607 152 2685; x_wconf 84' lang='lat' dir='ltr'><strong>psisse</strong></span> <span class='ocrx_word' id='word_1_218' title='bbox 167 2625 183 2666; x_wconf 92' lang='lat' dir='ltr'><strong>e</strong></span> <span class='ocrx_word' id='word_1_219' title='bbox 197 2627 227 2668; x_wconf 80' lang='lat' dir='ltr'><strong>v.</strong></span> <span class='ocrx_word' id='word_1_220' title='bbox 242 2609 294 2668; x_wconf 87' lang='grc'><strong>49.</strong></span> 
     </span>
    </p>

    <p class='ocr_par' dir='ltr' id='par_1_10' title="bbox 55 2691 1022 2851">
     <span class='ocr_line' id='line_1_29' title="bbox 121 2691 1022 2766; baseline 0.003 -17"><span class='ocrx_word' id='word_1_221' title='bbox 121 2692 162 2750; x_wconf 86' lang='lat' dir='ltr'><strong>ib.</strong></span> <span class='ocrx_word' id='word_1_222' title='bbox 178 2693 218 2750; x_wconf 79' lang='lat'><strong>52</strong></span> <span class='ocrx_word' id='word_1_223' title='bbox 239 2692 344 2766; x_wconf 81' lang='lat' dir='ltr'><strong>procul</strong></span> <span class='ocrx_word' id='word_1_224' title='bbox 363 2692 446 2765; x_wconf 85' lang='lat' dir='ltr'><strong>Itali,</strong></span> <span class='ocrx_word' id='word_1_225' title='bbox 461 2709 566 2766; x_wconf 79' lang='lat' dir='ltr'><strong>precor</strong></span> <span class='ocrx_word' id='word_1_226' title='bbox 584 2692 675 2753; x_wconf 81' lang='lat' dir='ltr'><strong>ABG</strong></span> <span class='ocrx_word' id='word_1_227' title='bbox 690 2693 741 2751; x_wconf 82' lang='lat' dir='ltr'><strong>Fr.</strong></span> <span class='ocrx_word' id='word_1_228' title='bbox 774 2691 911 2752; x_wconf 84' lang='lat' dir='ltr'><strong>Videnda</strong></span> <span class='ocrx_word' id='word_1_229' title='bbox 931 2693 1022 2753; x_wconf 86' lang='lat' dir='ltr'><strong>etiem</strong></span> 
     </span>
     <span class='ocr_line' id='line_1_30' title="bbox 55 2775 415 2851; baseline 0.006 -18"><span class='ocrx_word' id='word_1_230' title='bbox 55 2793 135 2851; x_wconf 87' lang='lat' dir='ltr'><strong>quae</strong></span> <span class='ocrx_word' id='word_1_231' title='bbox 149 2775 211 2834; x_wconf 84' lang='lat' dir='ltr'><strong>dixi</strong></span> <span class='ocrx_word' id='word_1_232' title='bbox 225 2777 263 2834; x_wconf 82' lang='lat' dir='ltr'><strong>sd</strong></span> <span class='ocrx_word' id='word_1_233' title='bbox 276 2776 301 2849; x_wconf 92' lang='lat' dir='ltr'><strong>I,</strong></span> <span class='ocrx_word' id='word_1_234' title='bbox 318 2777 347 2849; x_wconf 82' lang='lat'><strong>6,</strong></span> <span class='ocrx_word' id='word_1_235' title='bbox 363 2776 415 2835; x_wconf 78' lang='lat'><strong>42.</strong></span> 
     </span>
    </p>

    <p class='ocr_par' dir='ltr' id='par_1_11' title="bbox 55 2857 1023 3188">
     <span class='ocr_line' id='line_1_31' title="bbox 123 2857 1023 2934; baseline 0.001 -16"><span class='ocrx_word' id='word_1_236' title='bbox 123 2857 194 2932; x_wconf 88' lang='lat'>1111,</span> <span class='ocrx_word' id='word_1_237' title='bbox 212 2862 241 2932; x_wconf 88' lang='lat' dir='ltr'><strong>l,</strong></span> <span class='ocrx_word' id='word_1_238' title='bbox 259 2862 275 2918; x_wconf 89' lang='lat'>1</span> <span class='ocrx_word' id='word_1_239' title='bbox 297 2876 343 2920; x_wconf 85' lang='lat' dir='ltr'><strong>mc</strong></span> <span class='ocrx_word' id='word_1_240' title='bbox 362 2859 448 2932; x_wconf 84' lang='lat' dir='ltr'><strong>Itali,</strong></span> <span class='ocrx_word' id='word_1_241' title='bbox 468 2877 534 2921; x_wconf 87' lang='lat' dir='ltr'><strong>mea</strong></span> <span class='ocrx_word' id='word_1_242' title='bbox 547 2857 648 2920; x_wconf 80' lang='lat' dir='ltr'><strong>ABG.</strong></span> <span class='ocrx_word' id='word_1_243' title='bbox 679 2859 753 2920; x_wconf 93' lang='lat' dir='ltr'><strong>Inde</strong></span> <span class='ocrx_word' id='word_1_244' title='bbox 767 2859 888 2920; x_wconf 83' lang='lat' dir='ltr'><strong>Laehm.</strong></span> <span class='ocrx_word' id='word_1_245' title='bbox 904 2859 1023 2934; x_wconf 79' lang='lat' dir='ltr'><strong>scripsit</strong></span> 
     </span>
     <span class='ocr_line' id='line_1_32' title="bbox 55 2941 1023 3020; baseline 0.001 -20"><span class='ocrx_word' id='word_1_246' title='bbox 55 2943 135 3001; x_wconf 88' lang='lat' dir='ltr'><strong>illud</strong></span> <span class='ocrx_word' id='word_1_247' title='bbox 155 2961 200 3002; x_wconf 76' lang='lat' dir='ltr'><strong>rae</strong></span> <span class='ocrx_word' id='word_1_248' title='bbox 220 2948 261 3012; x_wconf 87' lang='lat' dir='ltr'><strong>et,</strong></span> <span class='ocrx_word' id='word_1_249' title='bbox 281 2943 362 3020; x_wconf 85' lang='lat' dir='ltr'><strong>qued</strong></span> <span class='ocrx_word' id='word_1_250' title='bbox 381 2943 470 3003; x_wconf 78' lang='lat' dir='ltr'><strong>niueis</strong></span> <span class='ocrx_word' id='word_1_251' title='bbox 490 2947 593 3003; x_wconf 80' lang='lat' dir='ltr'><strong>tamen</strong></span> <span class='ocrx_word' id='word_1_252' title='bbox 614 2945 746 3020; x_wconf 82' lang='lat' dir='ltr'><strong>languet.</strong></span> <span class='ocrx_word' id='word_1_253' title='bbox 777 2941 919 3003; x_wconf 82' lang='lat' dir='ltr'><strong>Codicum</strong></span> <span class='ocrx_word' id='word_1_254' title='bbox 939 2961 1023 3002; x_wconf 85' lang='lat' dir='ltr'><strong>error</strong></span> 
     </span>
     <span class='ocr_line' id='line_1_33' title="bbox 57 3025 1023 3103; baseline 0.003 -18"><span class='ocrx_word' id='word_1_255' title='bbox 57 3026 163 3086; x_wconf 89' lang='lat' dir='ltr'><strong>eodem</strong></span> <span class='ocrx_word' id='word_1_256' title='bbox 178 3027 267 3086; x_wconf 89' lang='lat' dir='ltr'><strong>modo</strong></span> <span class='ocrx_word' id='word_1_257' title='bbox 282 3031 381 3102; x_wconf 87' lang='lat' dir='ltr'><strong>ortus,</strong></span> <span class='ocrx_word' id='word_1_258' title='bbox 402 3043 461 3103; x_wconf 89' lang='lat' dir='ltr'><strong>quo</strong></span> <span class='ocrx_word' id='word_1_259' title='bbox 482 3025 571 3102; x_wconf 86' lang='lat' dir='ltr'><strong>Prop.</strong></span> <span class='ocrx_word' id='word_1_260' title='bbox 587 3025 625 3100; x_wconf 86' lang='lat' dir='ltr'><strong>V,</strong></span> <span class='ocrx_word' id='word_1_261' title='bbox 642 3028 671 3100; x_wconf 85' lang='grc'><strong>2,</strong></span> <span class='ocrx_word' id='word_1_262' title='bbox 688 3028 706 3086; x_wconf 83' lang='lat'><strong>5</strong></span> <span class='ocrx_word' id='word_1_263' title='bbox 728 3027 840 3103; x_wconf 76' lang='lat' dir='ltr'><strong>legitur</strong></span> <span class='ocrx_word' id='word_1_264' title='bbox 859 3026 892 3086; x_wconf 91' lang='lat' dir='ltr'><strong>in</strong></span> <span class='ocrx_word' id='word_1_265' title='bbox 912 3026 941 3086; x_wconf 87' lang='lat' dir='ltr'>N</span> <span class='ocrx_word' id='word_1_266' title='bbox 958 3045 1023 3088; x_wconf 84' lang='lat' dir='ltr'><strong>mea</strong></span> 
     </span>
     <span class='ocr_line' id='line_1_34' title="bbox 56 3111 386 3188; baseline 0 -17"><span class='ocrx_word' id='word_1_267' title='bbox 56 3111 149 3172; x_wconf 79' lang='lat' dir='ltr'><strong>turta</strong></span> <span class='ocrx_word' id='word_1_268' title='bbox 162 3129 217 3188; x_wconf 89' lang='lat' dir='ltr'><strong>pro</strong></span> <span class='ocrx_word' id='word_1_269' title='bbox 231 3127 277 3172; x_wconf 87' lang='lat' dir='ltr'><strong>me</strong></span> <span class='ocrx_word' id='word_1_270' title='bbox 290 3113 386 3173; x_wconf 77' lang='lat' dir='ltr'><strong>turbe.</strong></span> 
     </span>
    </p>

    <p class='ocr_par' dir='ltr' id='par_1_12' title="bbox 122 3193 686 3271">
     <span class='ocr_line' id='line_1_35' title="bbox 122 3193 686 3271; baseline -0.002 -18"><span class='ocrx_word' id='word_1_271' title='bbox 122 3194 164 3254; x_wconf 87' lang='lat' dir='ltr'><strong>ib.</strong></span> <span class='ocrx_word' id='word_1_272' title='bbox 181 3195 200 3253; x_wconf 91' lang='grc'><strong>2</strong></span> <span class='ocrx_word' id='word_1_273' title='bbox 215 3197 330 3256; x_wconf 64' lang='lat' dir='ltr'><strong>euocat</strong></span> <span class='ocrx_word' id='word_1_274' title='bbox 343 3194 445 3271; x_wconf 70' lang='lat' dir='ltr'><strong>Aac,</strong></span> <span class='ocrx_word' id='word_1_275' title='bbox 460 3199 605 3270; x_wconf 76' lang='lat' dir='ltr'><strong>nequeant</strong></span> <span class='ocrx_word' id='word_1_276' title='bbox 620 3193 686 3254; x_wconf 81' lang='lat' dir='ltr'><strong>cui.</strong></span> 
     </span>
    </p>

    <p class='ocr_par' dir='ltr' id='par_1_13' title="bbox 122 3278 564 3350">
     <span class='ocr_line' id='line_1_36' title="bbox 122 3278 564 3350; baseline 0.007 -12"><span class='ocrx_word' id='word_1_277' title='bbox 122 3278 164 3339; x_wconf 85' lang='lat' dir='ltr'><strong>ib.</strong></span> <span class='ocrx_word' id='word_1_278' title='bbox 182 3279 220 3338; x_wconf 83' lang='lat'><strong>12</strong></span> <span class='ocrx_word' id='word_1_279' title='bbox 236 3281 322 3350; x_wconf 81' lang='lat' dir='ltr'><strong>laeta,</strong></span> <span class='ocrx_word' id='word_1_280' title='bbox 335 3280 463 3340; x_wconf 76' lang='lat' dir='ltr'><strong>fortasse</strong></span> <span class='ocrx_word' id='word_1_281' title='bbox 476 3281 564 3341; x_wconf 69' lang='lat' dir='ltr'><strong>kata.</strong></span> 
     </span>
    </p>

    <p class='ocr_par' dir='ltr' id='par_1_14' title="bbox 122 3363 1022 3440">
     <span class='ocr_line' id='line_1_37' title="bbox 122 3363 1022 3440; baseline 0.001 -19"><span class='ocrx_word' id='word_1_282' title='bbox 122 3363 164 3422; x_wconf 92' lang='lat' dir='ltr'><strong>ib.</strong></span> <span class='ocrx_word' id='word_1_283' title='bbox 180 3365 218 3423; x_wconf 83' lang='lat'><strong>16</strong></span> <span class='ocrx_word' id='word_1_284' title='bbox 232 3381 338 3438; x_wconf 76' lang='lat' dir='ltr'><strong>porcos</strong></span> <span class='ocrx_word' id='word_1_285' title='bbox 348 3364 396 3424; x_wconf 88' lang='lat' dir='ltr'><strong>hic</strong></span> <span class='ocrx_word' id='word_1_286' title='bbox 411 3364 518 3425; x_wconf 87' lang='lat' dir='ltr'><strong>melius</strong></span> <span class='ocrx_word' id='word_1_287' title='bbox 529 3382 618 3440; x_wconf 88' lang='lat' dir='ltr'><strong>quam</strong></span> <span class='ocrx_word' id='word_1_288' title='bbox 627 3381 741 3439; x_wconf 73' lang='lat' dir='ltr'><strong>perores</strong></span> <span class='ocrx_word' id='word_1_289' title='bbox 754 3365 851 3425; x_wconf 85' lang='lat' dir='ltr'><strong>iudice</strong></span> <span class='ocrx_word' id='word_1_290' title='bbox 865 3364 1022 3438; x_wconf 89' lang='lat' dir='ltr'><strong>euphonia.</strong></span> 
     </span>
    </p>

    <p class='ocr_par' dir='ltr' id='par_1_15' title="bbox 123 3446 1021 3523">
     <span class='ocr_line' id='line_1_38' title="bbox 123 3446 1021 3523; baseline -0.001 -17"><span class='ocrx_word' id='word_1_291' title='bbox 123 3447 164 3506; x_wconf 89' lang='lat' dir='ltr'><strong>ib.</strong></span> <span class='ocrx_word' id='word_1_292' title='bbox 176 3447 217 3506; x_wconf 81' lang='lat'><strong>26</strong></span> <span class='ocrx_word' id='word_1_293' title='bbox 231 3465 375 3518; x_wconf 79' lang='lat' dir='ltr'><strong>uocemue,</strong></span> <span class='ocrx_word' id='word_1_294' title='bbox 388 3450 432 3507; x_wconf 86' lang='lat' dir='ltr'><strong>ita</strong></span> <span class='ocrx_word' id='word_1_295' title='bbox 444 3446 543 3508; x_wconf 80' lang='lat' dir='ltr'><strong>Ouiae.</strong></span> <span class='ocrx_word' id='word_1_296' title='bbox 556 3449 643 3523; x_wconf 72' lang='lat' dir='ltr'><strong>Soet,</strong></span> <span class='ocrx_word' id='word_1_297' title='bbox 658 3467 720 3510; x_wconf 88' lang='lat' dir='ltr'><strong>uon</strong></span> <span class='ocrx_word' id='word_1_298' title='bbox 733 3449 769 3508; x_wconf 88' lang='lat' dir='ltr'><strong>ut</strong></span> <span class='ocrx_word' id='word_1_299' title='bbox 781 3451 829 3508; x_wconf 89' lang='lat' dir='ltr'><strong>est</strong></span> <span class='ocrx_word' id='word_1_300' title='bbox 842 3466 889 3522; x_wconf 86' lang='lat' dir='ltr'><strong>ap.</strong></span> <span class='ocrx_word' id='word_1_301' title='bbox 901 3446 1021 3506; x_wconf 81' lang='lat' dir='ltr'><strong>Lachm.</strong></span> 
     </span>
    </p>
   </div>
   <div class='ocr_carea' id='block_1_4' title="bbox 58 3531 928 3608">
    <p class='ocr_par' dir='ltr' id='par_1_16' title="bbox 58 3531 928 3608">
     <span class='ocr_line' id='line_1_39' title="bbox 58 3531 928 3608; baseline 0 -18"><span class='ocrx_word' id='word_1_302' title='bbox 58 3534 209 3608; x_wconf 78' lang='lat' dir='ltr'><strong>excerpta,</strong></span> <span class='ocrx_word' id='word_1_303' title='bbox 225 3550 300 3608; x_wconf 90' lang='lat' dir='ltr'><strong>quae</strong></span> <span class='ocrx_word' id='word_1_304' title='bbox 314 3551 376 3594; x_wconf 87' lang='lat' dir='ltr'><strong>nen</strong></span> <span class='ocrx_word' id='word_1_305' title='bbox 389 3533 470 3591; x_wconf 72' lang='lat' dir='ltr'><strong>rutra</strong></span> <span class='ocrx_word' id='word_1_306' title='bbox 483 3533 608 3592; x_wconf 89' lang='lat' dir='ltr'><strong>tertium</strong></span> <span class='ocrx_word' id='word_1_307' title='bbox 621 3532 732 3592; x_wconf 89' lang='lat' dir='ltr'><strong>librum</strong></span> <span class='ocrx_word' id='word_1_308' title='bbox 747 3531 928 3607; x_wconf 86' lang='lat' dir='ltr'><strong>pertinuere.</strong></span> 
     </span>
    </p>
   </div>
   <div class='ocr_carea' id='block_1_5' title="bbox 0 0 1273 4036">
    <p class='ocr_par' dir='ltr' id='par_1_17' title="bbox 0 0 1273 4036">
     <span class='ocr_line' id='line_1_40' title="bbox 0 0 1273 4036; baseline 0 0"><span class='ocrx_word' id='word_1_309' title='bbox 0 0 1273 4036; x_wconf 95' lang='lat' dir='ltr'><strong> </strong></span> 
     </span>
    </p>
   </div>
  </div>
 </body>
</html>
