2486 4010
213 201 256 267 70
575 197 769 257 Paoeassn
1136 196 1204 270 [vr

230 380 263 430 ιο
318 365 387 432 Neo
408 367 483 450 pote
505 365 660 450 cognatos
682 363 766 428 inter
786 361 919 427 humare
939 381 1057 446 rogos,

125 423 151 490 l
278 449 341 516 Sed
354 452 410 513 tua
423 471 510 514 nuno
524 449 669 513 volucres
689 449 797 512 astant
811 468 906 529 super
928 466 1002 510 ossa
1023 445 1200 526 marinae,

152 520 173 591 l
324 533 420 600 Nunc
433 533 494 598 tibi
530 555 566 598 ro
580 533 703 596 tumulo
720 529 927 616 Carpathium
941 551 1037 594 omne
1053 533 1199 594 marest

166 682 175 707 ,
278 617 397 684 Infelix
417 555 529 703 Aquil

322 701 410 779 Quae
432 703 534 786 spolia
555 723 594 766 ex
615 702 672 765 illo
694 703 786 766 tanta
807 700 896 764 fuere
917 699 997 764 tibi?

233 799 265 852 1⁶
281 787 348 852 Aut
369 786 520 871 quidnam
541 785 642 852 fracta
663 785 798 934 paudes,
820 784 986 881 Neptune,
1011 783 1156 848 carina?

506 639 551 715 o,
573 620 683 700 raptae
705 617 803 682 timor
825 614 1005 698 Orithyiae,

322 870 475 936 Portabat
496 873 623 935 sanctos
645 891 752 934 avens
774 870 829 934 ille
850 890 945 934 viros.

279 956 391 1040 Paete,
407 954 483 1040 quid
497 957 634 1019 aetatem
647 953 819 1018 numeras?
843 953 918 1102 prid
934 973 1006 1017 cara
1019 953 1158 1018 natanti

322 1037 483 1104 Materia
504 1060 559 1104 ore
580 1039 693 1104 tibist?
715 1061 782 1103 non
803 1037 846 1104 ha
869 1040 901 1102 et
922 1036 1008 1101 unda
1030 1035 1125 1103 deos.

280 1123 365 1190 Nam
385 1123 445 1188 tib'i
466 1124 631 1189 nocturnis
653 1123 694 1188 ad
716 1145 791 1187 saxa
812 1123 912 1208 ligata
931 1121 1085 1206 procellis

230 1221 265 1271 20
320 1207 437 1272 Omnia
458 1206 574 1274 detrito
596 1207 724 1272 vincula
744 1208 821 1272 fune
842 1206 967 1272 eadunt.

280 1291 362 1356 Sunt
382 1291 654 1376 Agamemnonias
676 1292 828 1358 testantia
849 1291 944 1356 litora
965 1311 1075 1374 curas,

322 1375 409 1452 Quae
430 1378 524 1440 notat
544 1375 694 1460 Argynni
714 1397 819 1462 poena
839 1374 1121 1440 Athamantiadae.

279 1459 352 1525 Hoc
372 1459 485 1525 iuvene
507 1460 624 1524 amisso
646 1461 780 1526 classem
801 1482 869 1526 non
893 1459 989 1526 solvit
1009 1459 1159 1544 Atrides,

321 1544 385 1610 Pro
408 1566 470 1630 qua
489 1547 658 1610 mactatast
678 1544 848 1631 Iphigenia
868 1565 967 1610 mora.

231 1643 264 1693 aa
279 1629 329 1694 Ite
367 1632 452 1694 rates
474 1651 585 1696 curvas
607 1632 640 1694 et
661 1630 718 1694 leti
739 1630 837 1695 texite
859 1650 983 1697 causas:

231 1727 265 1777 80
321 1678 389 1778 leta
409 1735 467 1798 per
487 1712 643 1779 humanas
664 1736 750 1780 mors
772 1715 861 1779 venit
881 1717 952 1780 acta
972 1734 1097 1778 manus.
1229 1755 1230 1796 ,

283 1797 380 1864 Terra
400 1819 513 1882 parum
534 1799 639 1863 fuerat
659 1799 750 1882 fatis,
773 1799 945 1864 adiecimus
967 1797 1087 1864 undas:

324 1883 484 1949 Fortunae
505 1882 638 1948 miseras
660 1885 804 1948 auximus
826 1886 892 1948 arte
914 1881 991 1948 vias.

279 1966 410 2034 Ancora
431 1970 464 2032 te
484 1969 606 2051 teneat,
629 1989 724 2052 quem
744 1989 811 2032 non
832 1971 962 2034 tenuere
983 1965 1145 2031 Penates?

324 2051 407 2127 Quid
428 2052 578 2118 meritum
599 2051 700 2137 dicas,
723 2053 774 2118 oui
796 2073 854 2118 sua
873 2054 958 2116 terra
978 2052 1144 2136 parumst?

231 2144 265 2196 so
278 2133 503 2222 Ventorumst,
522 2137 741 2222 quodcumque
759 2159 867 2222 paras:
889 2136 969 2201 haut
986 2136 1053 2200 ulla
1073 2135 1178 2200 carina
1228 2163 1229 2208 p

323 2217 514 2304 (lonsenuit,
536 2221 621 2286 fallit
640 2225 752 2306 portus
774 2225 807 2288 et
827 2223 897 2305 ipse
917 2220 1021 2286 fidem.
1228 2209 1229 2266 l

280 2299 403 2367 Natura
423 2303 579 2369 insidians
598 2309 735 2389 pontum
757 2306 930 2372 substravit
950 2305 1067 2370 avaris:
1228 2269 1229 2347 l

321 2383 368 2450 Vt
388 2384 448 2449 tibi
470 2388 633 2471 succedat,
655 2391 709 2454 vix
730 2391 828 2455 semel
850 2411 919 2454 esse
939 2392 1055 2474 potest

283 2467 366 2535 Saxa
387 2470 595 2555 triumphales
616 2474 740 2558 fregere
764 2474 927 2560 Capherea
947 2495 1083 2558 puppes,
1227 2551 1228 2556 γ

230 2565 266 2617 40
320 2553 353 2620 N
354 2555 487 2642 aufraga
509 2577 581 2620 curn
602 2561 692 2622 vasto
716 2558 850 2624 Graecia
868 2561 972 2623 tracta
993 2558 1099 2623 salost.
1227 2565 1228 2570 ’

280 2638 439 2705 Paulatim
461 2642 583 2707 socium
603 2643 759 2708 iacturam
779 2643 868 2708 flevit
887 2642 997 2708 Vlixes
1002 2691 1012 2727 ,

323 2722 362 2788 In
383 2747 470 2790 mare
493 2726 545 2791 cui
566 2727 653 2792 soliti
673 2748 742 2793 non
762 2729 888 2793 valuere
910 2728 984 2793 doli.

281 2807 424 2884 Quodsi
446 2813 616 2876 contentus
660 2812 740 2878 atrio
764 2812 845 2877 bove
866 2815 1004 2877 verteret
1024 2832 1132 2900 agros,
1226 2863 1227 2868 1

313 2892 489 2991 ,Verbaque
512 2834 658 2960 duxisset
673 2897 799 2981 pondus
820 2896 938 2962 habere
959 2917 1044 2980 mea,

231 2988 265 3040 45
279 2976 410 3044 V1veret
432 2982 505 3045 ante
528 3001 601 3044 suos
624 2981 725 3046 dulcis
748 2982 881 3046 conviva
901 2980 1052 3063 Penates,

323 3062 462 3148 Pauper,
485 3067 519 3130 at
539 3064 574 3129 in
594 3067 693 3149 terra,
715 3067 762 3132 nil
784 3066 839 3129 ubi
860 3065 936 3130 flare
958 3067 1072 3149 potest.

280 3145 313 3210 N
314 3167 357 3210 on
377 3148 453 3213 tulit
473 3145 526 3214 hic
547 3148 664 3214 Paetus
687 3150 855 3216 stridorem
877 3149 985 3215 audire
1006 3148 1156 3234 procellae

323 3229 369 3294 Et
389 3231 468 3297 duro
490 3237 616 3299 teneras
637 3235 762 3299 laedere
784 3236 860 3299 fune
880 3256 1008 3318 manus,

282 3312 344 3379 Sed
366 3313 456 3394 thyio
478 3317 619 3382 thalamo
642 3323 697 3384 aut
719 3318 825 3384 Oricia
845 3318 1027 3384 terebintho
1225 3355 1226 3372 κ

231 3409 266 3460 50
322 3397 366 3495 Et
386 3395 503 3463 fultum
523 3402 632 3483 pluma
653 3404 843 3469 versicolore
866 3407 969 3487 caput.
1225 3375 1226 3447 l

279 3481 365 3546 Hurc
386 3479 500 3546 fluetus
522 3484 594 3548 vivo
616 3488 769 3554 radicitus
791 3489 923 3555 abstulit
943 3507 1078 3573 ungues,
