2470 4010
610 201 764 257 cmm

405 365 433 429 Ο
455 365 573 448 cubile,
596 363 681 447 quod
703 363 852 428 omnibns

488 475 507 513 *
611 477 629 511 *
733 475 752 511 *

487 560 506 597 ια
609 560 628 595 *
732 561 750 596 n

486 645 506 680 1(
610 645 628 679 *
733 643 751 679 *

447 701 591 766 Candido
613 701 693 783 pede
714 702 805 784 lecti,

406 827 493 902 Quae
514 831 570 890 tuo
591 827 726 890 veniunt
747 848 818 908 ero,

448 911 573 985 Quanta
594 910 725 995 gandia,
747 932 827 992 quae
848 931 931 994 vage

446 994 565 1075 Nocte,
587 1015 666 1077 quae
687 994 792 1058 medio
814 993 865 1057 die

405 1078 561 1142 Gaudeat!
584 1078 641 1142 sed
661 1079 730 1141 ebil
750 1077 834 1141 dies:

445 1163 599 1245 Prodeas,
621 1184 706 1226 nove
725 1165 836 1244 nupia

405 1287 537 1370 Tollite,
559 1309 580 1352 o
600 1289 706 1372 pueri,
728 1288 829 1351 feces:

446 1372 644 1436 Flammeum
665 1372 757 1436 video
778 1371 897 1436 venire.

446 1456 510 1536 lte,
534 1457 692 1520 concinite
713 1457 749 1518 in
769 1455 899 1519 modum

368 1601 377 1614 ,
405 1540 451 1604 ’0
473 1540 602 1621 Hymen
621 1539 807 1622 Hymenaee
828 1540 874 1621 io,

447 1623 474 1687 0
496 1623 626 1706 Hymen
645 1623 854 1706 Hymenaee?

405 1750 456 1815 Ne
478 1749 534 1813 diu
553 1752 658 1813 teneat
678 1771 797 1833 procax

446 1835 645 1898 Fescennina
665 1835 797 1916 ioeelim

445 1919 515 1984 Nee
536 1939 634 1982 nuces
655 1918 761 2000 pneris
782 1921 881 2002 neget

404 2002 574 2066 Desertum
595 2002 716 2064 domini
737 2001 868 2066 audiens

447 2086 652 2151 concubinus
674 2107 823 2150 amorem.

404 2209 455 2274 De
475 2233 573 2276 nuees
594 2212 716 2295 pueris,
739 2213 825 2276 iners

446 2294 645 2361 Concubine:
668 2297 746 2360 setis
768 2297 823 2360 diu

446 2378 565 2443 Lusisti
586 2380 737 2445 nucibus:
759 2381 849 2445 lubet

403 2460 473 2526 Iam
495 2464 612 2526 servire
634 2463 770 2528 Telemo,

446 2545 646 2631 Concubine,
668 2570 766 2612 nuces
788 2548 838 2612 de.

403 2672 582 2738 sordebant
602 2675 663 2738 libi
683 2674 796 2738 vilicae
802 2724 812 2758 ,

445 2757 646 2840 Concubine‚
667 2757 763 2822 hodie
785 2764 879 2843 atque
900 2760 986 2828 heri:

444 2841 540 2906 Nune
560 2844 650 2905 lnom
673 2843 844 2908 cinerarius

404 2925 530 2991 'londei
550 2947 597 2990 os.
626 2927 723 2990 miser
744 2949 764 2989 e
784 2928 882 2992 miser
941 2943 944 2948 '

445 3009 647 3094 Ooneubine,
668 3031 765 3075 nuees
788 3012 836 3076 de.

402 3135 526 3200 Dieerie
547 3139 632 3202 male
653 3141 686 3202 ee
708 3160 728 3200 a
748 3140 813 3202 tuis

443 3219 649 3302 Vnguentete
671 3220 792 3305 glabris
813 3223 928 3289 marite

444 3302 630 3367 Abstinere:
654 3305 710 3368 sed
732 3306 868 3370 abstine.

402 3384 430 3448 0
451 3383 580 3465 Hymen
600 3387 784 3468 Hymenaee
804 3391 851 3472 io,

445 3467 472 3530 Ο
494 3465 622 3548 Hymen
642 3469 836 3552 Hymenaee.
