2476 4018
196 209 238 274 14
580 213 774 271 raoraarn
1058 217 1171 291 [inu.

299 377 344 442 Et
364 375 460 442 modo
481 380 550 442 tam
571 377 680 441 tardas
701 377 831 442 funibus
852 378 898 442 irc
920 381 1020 460 ratae,

229 459 305 526 snt
326 483 438 526 nemus
458 461 545 526 unde
567 465 653 526 satas
675 461 822 528 intendat
843 463 961 527 vertice
982 463 1098 548 silvas,

299 543 442 631 Vrgetur
464 546 590 630 quantis
613 545 773 612 Caucasus
795 546 976 612 arboribusz

256 628 334 696 Non
354 633 464 694 tumen
485 633 548 696 ista
569 652 641 694 mec
663 631 791 695 valeant
811 632 1004 696 contendere
1026 634 1149 702 amori:

300 711 415 780 Nescit
435 715 538 780 Amor
557 715 685 800 magnis
707 715 818 782 cedere
840 715 968 782 divitiis.

256 798 342 866 Nam
364 800 430 864 sive
452 801 594 884 optatam
615 821 741 864 mecum
760 799 862 864 trahit
883 802 939 865 illa
960 803 1117 889 quietem,

208 895 242 948 ιο
298 882 361 948 ssu
382 881 470 948 facili
491 887 596 948 totum
615 883 703 949 ducit
724 906 831 950 amore
853 885 937 950 dienr

256 966 339 1032 Tum
360 967 439 1032 mihi
459 967 585 1033 Pactoli
604 969 738 1034 veniunt
759 969 817 1034 sub
839 972 924 1034 tecta
943 935 1101 1055 liquores,

300 1052 346 1116 Et
366 1053 396 1116 le
423 1053 483 1117 'tur
504 1054 609 1118 rubris
630 1075 758 1139 gemma
779 1055 838 1118 sub
860 1057 1066 1138 aequoribus:

258 1135 341 1202 'inm
361 1075 442 1202 mffii
464 1159 609 1202 cessuros
632 1138 792 1222 spondent
812 1160 884 1203 msa
909 1139 1028 1236 gaudia
1049 1161 1164 1226 reges:

299 1221 386 1296 Quae
407 1224 574 1304 maneant,
597 1221 673 1288 dum
693 1244 745 1287 me
765 1223 834 1288 fata
853 1245 958 1306 perne
979 1225 1099 1290 volent

208 1316 240 1366 15
253 1303 339 1370 Nam
381 1304 431 1370 uis
454 1304 573 1370 divitiis
595 1305 727 1370 adverso
749 1307 869 1392 gaudet
888 1309 1032 1374 Amore?

280 1388 330 1455 .N
378 1411 397 1453 a
417 1387 497 1453 mihi
517 1390 603 1455 tristi
645 1391 766 1456 raemia
787 1393 855 1457 sint
873 1391 1008 1458 Venere.

257 1471 319 1538 Illa
339 1477 448 1558 potest
468 1495 601 1560 magnas
623 1413 757 1540 tarcum
778 1477 877 1541 infrin
902 1499 954 1542 ere
976 1478 1077 1561 vires,

297 1557 359 1623 Illa
381 1558 477 1624 etiam
499 1557 586 1624 duris
608 1561 767 1626 mentibus
790 1582 860 1626 esse
878 1499 981 1626 dolor.

256 1642 317 1709 Illa
338 1665 442 1727 neque
463 1643 619 1710 Arabium
640 1646 755 1710 metuit
776 1646 999 1712 transcendere
1020 1647 1135 1732 limen,

207 1741 241 1790 20
296 1727 366 1794 Nec
386 1728 481 1794 timet
500 1729 623 1794 ostrina
628 1779 638 1812 ‚
660 1730 768 1814 Tulle,
787 1731 899 1796 'subire
920 1734 991 1796 toro

255 1811 301 1878 Et
320 1813 473 1878 miserum
494 1816 563 1879 toto
585 1815 731 1880 iuvenem
753 1837 878 1880 versare
899 1815 1011 1880 cubili:

240 1917 243 1924 ’
301 1897 387 1974 Quid
406 1898 550 1964 relevant
570 1899 666 1964 variis
688 1899 790 1965 serica
809 1901 994 1965 textilibus?

256 1981 345 2058 Quae
363 1981 443 2047 mihi
464 1982 539 2049 dum
561 1983 688 2068 placata
708 1984 825 2069 aderit,
847 2006 915 2049 non
935 1985 1001 2049 ulla
1023 1987 1163 2052 verebor
1229 2039 1230 2064 1

300 2065 415 2154 Regna
435 2070 491 2134 aut
511 2067 641 2134 Alcinoi
662 2091 795 2134 munera
817 2069 987 2155 despicere.
1229 2069 1230 2106 ³

636 2285 715 2360 XV.

257 2403 317 2470 Sae
341 2426 358 2469 e
380 2423 440 2490 ego
463 2405 563 2470 multa
583 2409 657 2472 tuae
678 2409 818 2474 levitatis
840 2408 919 2473 dura
939 2409 1105 2496 timebam,
1229 2451 1230 2498 1

333 2510 371 2555 ac
392 2491 502 2554 tumen
523 2494 671 2575 excepta,
695 2491 849 2578 Cynthia,
871 2494 1012 2578 perfidia.

258 2575 305 2640 As
328 2575 378 2640 ice
399 2595 450 2639 me
473 2579 591 2658 quanto
612 2577 717 2662 rapiat
737 2578 866 2642 fortuna
885 2579 1021 2662 periclo:

370 2663 478 2725 tamen
499 2658 535 2724 in
557 2663 668 2726 nostro
690 2662 779 2727 lenta
798 2662 914 2728 timore
936 2663 1038 2745 venis,

228 2743 303 2811 cEt
324 2747 415 2828 potes
436 2745 604 2810 hesternos
625 2747 772 2811 manibus
795 2768 983 2834 conponere¹
996 2747 1105 2812 crines

299 2831 343 2897 at
364 2831 463 2916 longa
483 2830 599 2895 faciem
621 2853 769 2914 quaerere
792 2831 926 2915 desidia,

257 2916 328 2983 Nec
349 2916 454 2980 minus
476 2913 554 2980 Eois
575 2917 686 2999 pectus
708 2916 829 2981 variare
850 2917 979 3001 lapillis,

298 3001 345 3066 Vt
365 3001 507 3066 formosa
527 3021 611 3065 novo
634 3021 713 3085 quae
734 3004 827 3085 parat
848 3001 893 3065 ire
915 3002 995 3066 viro.

258 3087 305 3150 At
325 3105 392 3149 non
414 3087 460 3150 sic
481 3085 585 3150 Ithaci
606 3085 750 3170 digressu
771 3089 859 3150 mota
880 3084 1019 3170 Calypso

207 3180 242 3236 ιο
298 3167 441 3233 Desertis
463 3171 539 3234 olim
561 3169 690 3234 fleverat
711 3169 914 3253 aequoribus:

257 3251 377 3316 Multos
399 3252 456 3315 illa
477 3253 544 3318 dies
566 3254 737 3338 incomptis
758 3257 881 3318 maesta
902 3253 1026 3338 capillis

301 3333 447 3416 Sederat,
469 3336 587 3400 iniusto
609 3338 711 3403 multa
732 3340 839 3403 locuta
860 3339 943 3421 salo,

256 3417 301 3485 Et
323 3415 466 3498 quamvis
486 3437 659 3499 numquam
678 3425 753 3507 post
771 3421 849 3487 haec
863 3423 969 3488 visura
982 3422 1116 3487 dolebat
1229 3437 1230 3452 ³

299 3499 361 3564 Illa
381 3499 491 3562 tamen
512 3499 629 3584 longae
651 3505 779 3570 conscia
800 3507 949 3571 laetitiae.
