2468 4036
173 195 214 260 18
580 196 725 254 rmvrm
1059 198 1150 268 [vm.

234 361 268 428 N
269 381 304 426 eo
324 362 361 424 tu
382 359 522 424 difficilis
544 382 644 444 puero
663 363 773 424 tamen
794 381 863 424 esse
885 361 1051 424 memento

279 443 498 529 (Persequitur
519 445 631 529 poenis
655 445 761 510 tristia
784 445 870 510 facta
889 445 1033 530 Venus),

235 529 370 594 Munera
389 549 450 594 nec
471 549 600 612 poscas:
623 528 678 594 det
698 551 831 594 munera
852 551 950 594 canus
973 532 1122 613 amator,

185 627 221 678 30
276 613 322 678 Vt
342 615 451 678 foveas
472 614 564 678 molli
584 613 702 698 frigida
722 615 865 678 membra
886 614 968 678 sinu.

237 698 349 765 Carior
371 701 422 763 est
443 719 519 763 auro
541 697 680 780 iuvenis,
703 699 755 762 oui
776 699 859 762 levia
880 699 1009 782 fulgent

280 783 344 848 Ora
365 804 426 847 nec
448 783 611 866 amplexus
634 803 746 866 aspera
767 782 866 847 barba
887 783 971 846 terit.

238 867 323 933 Huic
344 871 381 932 tu
403 866 575 932 candentes
597 888 706 931 umero
730 887 874 950 suppone
894 867 1049 951 lacertos,

281 953 326 1017 Et
345 973 458 1036 regum
479 971 614 1035 magnae
636 951 851 1035 despiciantur
872 972 956 1035 opes.

186 1047 221 1100 ³5
235 1037 282 1100 At
303 1035 412 1101 Venus
434 1035 575 1100 inveniet
596 1056 694 1118 puero
717 1036 920 1100 succumbere
942 1036 1077 1120 furtim,

280 1120 365 1184 Dum
387 1121 493 1202 timet,
515 1123 552 1184 ut
573 1123 710 1186 teneros
724 1123 872 1185 conserat
892 1141 992 1203 usque
1016 1122 1128 1205 sinus,

237 1204 282 1270 Et
303 1203 377 1267 dare
400 1203 562 1268 anhelanti
583 1205 800 1289 pugnantibus
822 1204 929 1268 umida
951 1205 1074 1289 linguis

282 1287 399 1356 Oscula
421 1291 454 1350 et
473 1287 509 1351 in
531 1287 614 1353 collo
636 1289 735 1374 figere
756 1289 851 1354 dante
871 1292 976 1354 notas.

238 1371 316 1437 Non
347 1371 428 1454 lapis
461 1371 545 1436 hanc
573 1395 780 1457 gemmaeque
813 1373 952 1520 iuvantsa
972 1395 1054 1457 quae
1090 1374 1150 1439 fri·

806 1479 862 1522 orc
884 1479 919 1522 so

187 1553 224 1604 40
280 1540 429 1606 Dormiat
451 1543 483 1606 et
503 1540 585 1606 nulli
606 1542 649 1606 sit
670 1479 826 1626 cupienda
847 1541 939 1606 viro.-

239 1625 314 1691 Heu
336 1647 406 1691 sero
429 1627 596 1690 revocatur
618 1647 707 1690 amor
728 1647 861 1709 seroque
882 1627 1026 1710 iuventa,

286 1710 367 1776 Cum
389 1713 479 1774 vetus
502 1709 615 1774 infecit
632 1732 716 1774 cana
738 1714 867 1776 senecta
889 1714 994 1794 caput.

238 1795 321 1861 Tum
344 1795 482 1859 studium
509 1794 678 1860 formaest:
707 1816 798 1860 coma
825 1798 894 1861 tum
921 1798 1079 1879 mutatur,
1112 1799 1150 1862 ut

784 1901 885 1944 annos

286 1963 475 2028 Dissimulet
497 1964 590 2028 viridi
613 1963 730 2028 cortice
751 1964 853 2030 tincta
871 1965 978 2028 nucis:

189 2059 223 2112 45
239 2047 364 2112 Tollere
386 2053 456 2111 tum
479 2053 586 2113 curast
606 2048 695 2114 albos
718 2069 736 2112 a
762 2049 860 2133 stirpe
883 2049 1015 2132 capillos

282 2132 327 2196 Et
347 2131 464 2196 faciem
486 2133 616 2217 dempta
636 2132 720 2216 pelle
741 2133 860 2198 referre
882 2154 1007 2198 novam.

239 2217 286 2279 At
307 2219 357 2298 tu,
382 2217 456 2279 dum
478 2218 574 2300 primi
594 2217 687 2281 floret
708 2217 768 2282 tibi
789 2219 941 2302 temporis
964 2221 1068 2302 aetas,

282 2299 395 2364 Vtere:
418 2321 485 2363 non
506 2301 597 2364 tardo
620 2301 738 2366 labitur
759 2302 817 2366 illa
836 2302 925 2386 pede.

239 2383 314 2451 Neu
328 2382 511 2448 Marathum
525 2388 655 2468 torque:
673 2406 771 2470 puero
787 2408 867 2471 quae
882 2387 986 2471 gloria
1001 2388 1146 2452 victost‘?

190 2480 225 2532 uu
281 2469 320 2532 In
342 2472 463 2533 veteres
485 2471 554 2533 esto
577 2469 669 2553 dura,
692 2471 813 2554 puella,
837 2493 938 2536 senes.

241 2553 340 2618 Parce
361 2575 474 2638 precor
495 2557 621 2620 tenero:
643 2576 711 2619 non
731 2556 780 2618 illi
802 2556 925 2621 sontica
946 2559 1086 2639 causast,

284 2638 346 2704 sed
367 2639 485 2704 nimius
507 2640 576 2704 luto
599 2659 732 2723 corpora
753 2641 852 2726 tingit
871 2661 970 2706 amor.

240 2723 302 2789 Vel
323 2724 419 2788 miser
442 2725 566 2789 absenti
588 2727 724 2788 maestas
747 2746 844 2808 quam
864 2747 957 2809 saepe
979 2725 1126 2808 querelas

284 2808 412 2875 Conicit
434 2813 466 2874 et
488 2809 628 2874 lacrimis
650 2809 759 2873 omnia
779 2811 875 2894 plena
897 2809 1041 2874 madent!

191 2907 225 2956 65
241 2894 343 2969 ‘Quid
364 2915 415 2958 me
438 2893 602 2979 spernis?’
626 2893 680 2958 ait.
711 2898 854 2978 ‘poterat
876 2893 1020 2958 custodia
1041 2894 1146 2958 vinci:

283 2978 357 3062 Ipse
379 2978 467 3043 dedit
489 2979 611 3062 cupidis
633 2979 745 3042 fallere
766 3001 861 3063 posse
884 2979 970 3043 deus.

240 3062 329 3128 Nota
349 3062 460 3130 Venus
482 3065 600 3129 furtiva
621 3063 746 3147 mihist,
768 3067 805 3128 ut
826 3063 907 3127 lenis
930 3066 1045 3146 agatur

285 3145 437 3230 Spiritus,
460 3151 498 3212 ut
517 3170 578 3213 nec
600 3149 677 3212 dent
699 3149 808 3214 oscula
828 3151 921 3231 rapta
943 3169 1075 3212 sonum:

240 3231 286 3296 Et
306 3251 437 3314 possum
458 3231 563 3298 media
585 3234 727 3316 quamvis
750 3233 901 3316 obrepere
923 3235 1017 3296 nocte

190 3329 226 3380 oo
282 3315 327 3379 Et
348 3315 594 3401 strepitunnullo
619 3319 701 3380 olam
723 3339 863 3382 reserare
885 3316 980 3382 fores.
1029 3355 1034 3362 ·

242 3399 326 3474 Quid
346 3401 483 3482 prosunt
504 3403 604 3482 artae,
626 3401 777 3464 miserum
800 3402 828 3465 si
848 3401 969 3484 spernit
984 3403 1146 3466 amantem

283 3483 328 3547 Et
348 3481 433 3566 fugit
455 3503 493 3548 ex
514 3483 585 3566 ipso
608 3503 702 3550 saeva
722 3485 828 3568 puella
848 3485 941 3549 toro?
