2486 4010
195 205 238 272 60
575 207 769 264 succussu
1047 205 1168 280 mxxi.

258 373 356 438 Nulla
375 375 483 436 tamen
504 371 588 435 lecto
609 369 723 453 recipit
745 390 778 433 se
800 368 869 433 sola
890 367 1039 432 libenter:

300 456 361 522 Est
382 455 548 540 quiddam,
572 453 656 538 quod
678 474 735 518 vos
757 473 907 537 quaerere
929 455 1025 536 cogat
1047 453 1164 518 Amor.

259 540 391 624 Semper
412 539 447 604 in
468 539 617 604 absentes
638 537 763 604 felicior
785 540 890 602 aestus
913 539 1071 602 amantes:

299 623 415 690 Elevat
436 623 585 688 adsiduos
607 623 699 707 copia
724 621 823 708 longa
843 621 938 686 viros.

484 836 628 910 xxxu
654 835 867 930 [minum.

258 961 324 1028 Cur
338 963 505 1046 quisquam
518 960 633 1024 faciem
648 959 795 1024 dominae
810 959 874 1023 iam
889 959 990 1026 credit
1004 957 1130 1024 amico?

301 1045 353 1112 Sic
376 1049 484 1129 erepta
504 1044 584 1110 mihi
605 1065 705 1128 paene
726 1045 833 1129 puella
853 1047 965 1108 meast.

257 1130 285 1196 Ε
331 1134 416 1195 ertus
438 1129 527 1211 dico,
549 1131 676 1194 nemost
697 1129 732 1192 in
754 1149 861 1192 amore
882 1128 1002 1192 fideliss

326 1235 487 1278 ormosam
508 1234 580 1277 raro
602 1234 669 1277 non
691 1213 752 1276 sibi
775 1213 906 1297 quisque
928 1213 1021 1296 petit

228 1298 380 1363 sPolluit
400 1297 455 1361 ille
477 1295 554 1360 deus
577 1299 749 1382 cognatos,
772 1297 867 1360 solvit
888 1297 1023 1380 amicos,

299 1381 344 1446 Et
364 1382 445 1447 bene
468 1381 640 1446 concordes
661 1381 766 1445 tristia
787 1381 827 1444 ad
848 1403 936 1444 arma
956 1383 1062 1445 vocat.

257 1467 337 1533 Tros
360 1470 392 1530 et
412 1466 448 1529 in
468 1464 645 1550 hospitium
665 1464 813 1530 Menelao
834 1466 923 1530 venit
948 1463 1088 1530 adulter:

300 1549 430 1617 Colchis
451 1553 484 1616 et
504 1551 650 1636 ignotum
671 1570 779 1614 nonne
802 1552 910 1614 secuta
930 1549 1088 1612 virumst‘?

257 1635 400 1720 Lyncea,
422 1637 499 1699 tune
521 1656 625 1699 meam
644 1633 794 1718 potuisti,
815 1633 948 1718 perfide,
972 1654 1083 1698 curam

210 1734 242 1783 10
298 1718 464 1806 Tangere?
487 1739 595 1783 nonne
616 1722 689 1784 tuas
710 1720 780 1784 tum
803 1717 944 1782 cecidere
965 1717 1104 1780 manus?

258 1805 341 1881 Quid
364 1806 391 1869 si
411 1824 479 1868 non
501 1805 650 1866 constans
671 1802 727 1867 illa
749 1805 868 1866 ettam
890 1805 977 1866 certa
997 1801 1135 1866 fuisset?

299 1887 414 1956 Posses
436 1888 470 1952 in
492 1890 582 1952 tanto
605 1886 773 1952 viveretis
796 1885 875 1950 itio?

259 1972 307 2038 Tu
328 1973 408 2038 mihi
429 1972 480 2036 vel
500 1972 586 2036 ferro
608 1974 718 2055 peetus
739 1907 795 2036 vel
811 1971 908 2054 perde
929 1991 1072 2036 venenox

299 2057 330 2122 A
352 2057 481 2122 domina
501 2059 627 2120 tantum
648 2059 680 2120 te
701 2055 796 2119 modo
818 2055 896 2119 tolle
921 2077 1001 2120 mea

209 2154 240 2202 15
255 2139 300 2205 Te
323 2142 444 2205 socium
465 2141 564 2225 vitae,
586 2144 619 2205 te
641 2140 782 2224 corporis
805 2161 873 2204 esse
895 2139 1019 2220 licebit,

299 2223 345 2286 Te
367 2223 530 2288 dominum
553 2223 687 2289 admitto
708 2225 815 2307 rebus,
839 2224 954 2307 amice,
976 2224 1073 2289 meist
1225 2225 1226 2290 l

257 2307 353 2372 Lecto
375 2309 408 2370 te
431 2308 550 2390 solum,
572 2309 655 2372 lecto
677 2311 710 2372 te
731 2307 885 2392 deprecor
905 2329 985 2372 uno:

297 2390 443 2456 Rivalem
463 2409 595 2472 possum
616 2412 684 2454 non
706 2413 722 2456 e
747 2413 765 2456 ο
788 2393 871 2458 ferre
892 2391 1012 2456 Iovem.

256 2476 329 2560 Ipse
350 2495 436 2539 meas
458 2473 560 2558 solus,
583 2475 668 2558 quod
689 2413 746 2539 nil
759 2480 822 2559 ert,
845 2475 987 2542 aemulor
1008 2477 1138 2542 umbras
1145 2526 1155 2562 ,

206 2573 240 2622 20
297 2559 433 2643 Stultus,
457 2557 542 2644 quod
562 2559 652 2624 nullo
674 2581 768 2644 saepe
788 2561 904 2625 timore
924 2563 1037 2626 memo.
1225 2569 1226 2650 l

256 2643 329 2709 Vna
349 2648 458 2708 tamen
480 2647 619 2728 causast,
643 2665 698 2710 cur
720 2645 854 2710 crimina
875 2648 966 2709 tanta
986 2645 1133 2728 remitto,

297 2729 460 2794 Errabant
478 2729 579 2793 multo
602 2729 686 2813 quod
707 2729 764 2792 tua
783 2729 881 2793 verba
901 2751 998 2794 merc.

257 2813 319 2878 Sed
339 2833 513 2896 numquam
535 2813 619 2878 vitae
639 2813 732 2876 fallet
750 2833 904 2898 mefruga
926 2835 1069 2878 severae:

299 2898 418 2964 Omnes
440 2898 503 2962 iam
523 2899 656 2981 norunt,
680 2919 775 2980 quam
797 2893 848 2960 sit
861 2919 969 2962 amara
987 2897 1122 2963 bonum.

206 2993 238 3044 25
254 2981 400 3065 Lynceus
423 2981 492 3068 ipss
512 3003 601 3046 meus
624 3002 711 3046 seros
732 2981 854 3045 insanit
875 3003 1008 3046 amores

298 3067 408 3132 Solum
429 3070 463 3130 te
483 3067 610 3130 nostros
632 3065 734 3130 laetor
755 3065 841 3130 adire
864 3065 949 3130 deos.

256 3149 339 3224 Quid
361 3154 417 3214 tua
439 3149 609 3216 Socraticis
631 3150 691 3213 tibi
713 3171 799 3214 nunc
820 3149 978 3234 sapientia
999 3149 1092 3213 libris

296 3233 444 3298 Proderit
465 3238 520 3299 aut
541 3256 646 3299 rerum
668 3233 773 3298 dicere
792 3255 886 3318 posse
908 3233 1000 3298 vias?
1225 3263 1226 3350 p

255 3318 322 3380 Aut
344 3316 420 3398 quid
442 3337 501 3398 cpe
524 3317 596 3388 Chii
617 3317 678 3382 tibi
698 3319 990 3404 prosunt'carmina
1004 3317 1112 3382 lecta?
1225 3351 1226 3400 l

205 3413 239 3464 30
294 3399 351 3465 Nil
372 3399 461 3463 iuvat
481 3400 517 3462 in
537 3423 655 3486 magno
677 3406 783 3468 vester
802 3425 910 3468 amore
932 3423 1038 3467 senex.

255 3483 303 3548 Tu
326 3485 425 3549 satius
446 3503 619 3548 memorem
641 3486 729 3552 lusus
751 3488 876 3554 imitere
898 3487 1047 3552 Philotan
