2476 4018
51 21 191 90 Γ

64 221 146 294 un]
488 223 596 278 nisan
616 223 638 279 1.
1022 222 1043 287 Ἰ

65 384 117 449 Et
138 382 200 447 tibi
220 405 289 448 non
310 405 461 467 umquam
482 388 611 450 nostros
632 407 712 469 puer
732 385 794 450 iste
815 387 942 452 labores

115 469 255 534 Adferat
276 471 309 532 et
329 469 469 534 lacrimis
491 471 599 534 omnia
619 474 699 534 nota
719 471 808 536 meis.

69 553 127 618 Me
153 553 231 636 sine,
254 573 348 636 quem
370 575 496 636 semper
516 555 619 618 voluit
638 555 768 619 fortuna
789 556 901 640 iacere,
1008 569 1044 622 25

115 637 212 701 Hane
234 639 375 702 animam
397 643 555 702 extremae
576 638 707 704 reddere
728 641 899 723 nequitiae.

70 721 172 786 Multi
193 723 371 807 longinquo
392 723 516 806 periere
538 723 572 786 in
595 745 702 788 amore
724 724 870 807 libenter,

116 806 158 870 In
179 828 314 890 quorum
334 828 467 872 numero
489 830 541 872 me
562 828 688 892 quoque
709 811 795 872 terra
815 810 914 893 tegat.

71 890 154 956 Non
175 912 236 976 ego
259 913 331 955 sum
352 891 448 974 laudi,
470 913 537 956 non
558 896 652 957 natus
674 892 807 957 idoneus
829 894 943 958 armis:

116 974 213 1039 Hanc
235 997 287 1039 me
307 976 456 1040 militiam
477 977 544 1040 fata
566 977 671 1041 subire
692 977 814 1042 volunt
1008 989 1044 1040 ⁸0

73 1062 121 1125 At
142 1063 179 1123 tu
202 1081 258 1124 seu
279 1061 386 1124 mollis
408 1082 471 1144 qua
490 1060 595 1126 tendit
615 1060 708 1125 Ionia
729 1083 785 1126 seu
807 1084 870 1146 qua

116 1143 221 1227 Lydia
241 1143 366 1208 Pactoli
386 1144 486 1232 tingit
507 1149 595 1210 arata
617 1146 731 1229 liquor,

74 1228 140 1294 Seu
161 1228 298 1312 pedibus
319 1231 421 1294 terras
443 1251 499 1294 seu
519 1233 654 1314 pontum
677 1252 806 1314 carpere
827 1231 924 1296 remis

117 1312 196 1396 Ibis,
219 1316 257 1378 ut
277 1314 401 1398 accepti
422 1335 491 1378 sors
513 1317 574 1378 erit
595 1316 737 1398 imperii:

76 1396 160 1461 'lum
181 1397 243 1461 tibi
264 1397 356 1482 siqua
377 1398 441 1462 mei
462 1399 569 1463 veniet
589 1421 657 1464 non
677 1400 835 1465 inmemor
855 1399 945 1483 hora,
1009 1411 1044 1460 35

117 1481 236 1547 Vivere
258 1504 309 1546 me
332 1481 411 1546 duro
433 1483 535 1548 sidere
558 1487 661 1547 certus
684 1484 756 1548 eris.

484 1613 636 1624 ———

521 1697 600 1770 VH.

75 1819 164 1884 Dum
185 1819 246 1883 tibi
269 1818 425 1884 Cadmeae
446 1820 604 1904 dicuntur,
627 1819 771 1903 Pontice,
793 1818 921 1884 Thebae

119 1905 283 1988 Armaque
304 1905 464 1969 fraternae
485 1905 591 1968 tristia
611 1904 755 1986 militiae,

76 1991 197 2072 Atque,
220 1989 265 2052 ita
287 1989 347 2054 sim
368 1989 456 2072 felix,
477 1990 581 2074 primo
605 1989 770 2054 contendis
791 1987 943 2071 Homero,

120 2073 195 2138 Sint
215 2072 311 2136 modo
334 2073 402 2137 fata
421 2074 485 2138 tuis
507 2073 618 2138 mollia
640 2074 848 2138 carminibus:

77 2158 158 2240 Nos,
181 2159 218 2220 ut
240 2179 439 2242 consuemus,
461 2162 588 2222 nostros
611 2159 769 2242 agitamus
791 2178 917 2222 amores
1027 2168 1045 2220 5

119 2245 229 2326 Atque
252 2242 372 2326 aliquid
394 2243 505 2306 duram
527 2243 707 2326 quaerimus
730 2244 764 2307 in
785 2242 963 2326 dominam3

77 2326 148 2392 Nec
169 2330 295 2392 tantum
318 2327 459 2412 ingenio,
481 2331 635 2410 quantum
657 2327 775 2394 servire
797 2327 900 2392 dolori

122 2410 231 2496 (logor
253 2414 286 2474 et
307 2411 420 2476 aetatis
441 2416 586 2495 tempora
608 2411 687 2477 dura
709 2411 807 2496 queri.

78 2494 142 2559 Hie
162 2495 243 2559 mihi
266 2497 440 2560 conteritur
454 2497 538 2561 vitae
552 2496 675 2580 modus,
698 2497 777 2562 haec
791 2518 862 2561 mea
876 2495 1002 2578 famast,

123 2579 209 2644 Hinc
231 2581 326 2664 cupio
347 2601 466 2644 nomen
488 2581 638 2645 carminis
660 2582 706 2644 ire
727 2579 800 2643 mei.
1012 2590 1046 2641 ιο

79 2663 133 2728 Me
154 2665 287 2728 laudent
307 2664 418 2728 doctae
441 2665 544 2728 solum
566 2663 725 2747 placuisse
745 2663 881 2746 puellae,
952 2663 955 2670 ’

123 2748 266 2831 Pontice,
289 2751 322 2813 et
342 2749 477 2813 iniustas
500 2770 594 2832 saepe
616 2747 730 2812 tulisse
751 2747 870 2811 minas:

80 2831 134 2896 Me
155 2834 243 2918 legat
265 2833 395 2898 adsidue
415 2832 589 2917 posthaec
611 2832 777 2917 neglectus
800 2834 931 2914 amator,

13 2949 16 2998 ν,
121 2917 166 2982 Et
173 2919 313 3001 „prosint
333 2919 382 2981 illi
404 2917 534 3003 cognita
554 2921 664 2983 nostra
685 2917 793 2981 mala·

80 3000 125 3065 Te
146 3022 273 3085 quoque
296 3003 324 3065 si
345 3006 431 3066 certo
453 3024 532 3087 puer
552 3000 605 3066 hic
628 3000 823 3065 concusserit
844 3020 930 3083 arcu,
1013 3011 1046 3064 1⁶

123 3085 193 3162 Quo
214 3087 317 3150 nolim
337 3092 466 3151 nostros
487 3091 520 3150 te
541 3085 677 3150 violasse
700 3085 785 3168 deos,

79 3169 192 3256 Longe
215 3174 320 3246 castra
340 3172 410 3254 tibi,
432 3172 528 3256 longe
550 3171 647 3234 miser
668 3170 797 3255 agmina
818 3172 941 3254 septem

122 3254 230 3318 Flebis
252 3257 288 3319 in
309 3257 439 3320 aeterno
461 3255 557 3320 surda
577 3257 680 3320 iacere
702 3255 775 3338 situ,

79 3338 125 3403 Et
145 3339 266 3403 frustra
287 3342 395 3424 cupies
417 3341 547 3404 mollem
569 3360 750 3423 conponere
771 3361 907 3422 uersum,

122 3423 154 3490 N
156 3445 193 3488 cc
214 3425 273 3488 tibi
296 3425 431 3490 subiciet
453 3425 594 3489 carmina
615 3445 704 3488 serus
725 3425 834 3488 Amor.

80 3507 164 3572 Tum
187 3531 237 3574 me
257 3531 325 3574 non
345 3509 498 3574 humilem
519 3509 676 3573 mirabere
698 3529 791 3590 saepe
812 3508 950 3588 poetam,
