2492 4022
126 235 239 306 11111]
457 237 473 264 ·
500 279 501 282 a
532 231 697 290 0011101.
1036 229 1096 292 113

174 396 282 480 thue
303 398 480 462 fututorum
503 398 545 460 sit
565 400 622 461 tua
642 397 738 480 plena
760 399 881 463 domus.
1063 408 1097 456 30

128 481 160 546 E
205 481 298 544 uibus
320 483 357 545 ut
378 482 489 562 scires,
513 481 566 564 qui
589 501 713 564 quoque
734 482 893 546 valentior
914 482 1012 564 essct,

209 585 265 628 aec
287 585 320 628 es
342 565 382 628 ad
404 568 543 630 arrectos
565 565 663 629 verba
683 565 791 630 locuta
814 585 943 648 procos:

131 648 257 713 ‘Nemo
278 671 351 713 mco
373 649 486 714 melius
507 669 640 712 nervum
661 649 814 712 tendebat
833 645 943 733 Vlixe,

178 731 251 796 Siva
273 733 320 796 illi
342 733 493 815 laterum,
516 754 572 797 seu
592 733 656 796 fuit
676 733 753 798 artis
776 753 865 830 opus.

1 883 2 888 ,
131 815 197 890 Qui
212 817 363 899 quoniam
376 817 473 900 periit
479 865 488 900 ,
510 835 565 882 vos
579 838 667 891 nune
680 817 850 899 intendite,
873 838 966 899 quem
981 816 1044 879 iam
1064 827 1096 876 35

176 899 257 964 Esse
278 901 381 964 virum
404 901 521 985 sciero,
543 901 593 964 vir
613 901 657 965 sit
677 904 714 966 ut
734 902 787 965 ille
809 909 927 966 meus’.

132 982 206 1050 Hac
229 1005 307 1068 ego,
329 984 502 1068 Penelope,
525 985 615 1068 potui
636 985 697 1049 tibi
718 987 790 1070 lege
811 985 953 1068 placere:

178 1067 239 1132 Illo
262 1067 316 1132 sed
338 1068 481 1133 nondum
502 1073 645 1152 tempore
667 1073 761 1134 natus
785 1089 880 1134 eram.

364 1309 406 1372 ’,κ
526 1281 705 1357 aaron.

130 1405 218 1470 Cum
238 1403 292 1469 fici
312 1404 373 1468 tibi
394 1405 532 1478 suavitas
555 1405 688 1489 subibit,

130 1489 265 1554 Etiam
286 1488 449 1572 porrigere
470 1489 534 1554 huc
555 1511 685 1572 manum
707 1489 834 1572 libebit,
894 1533 896 1538 -

130 1571 189 1637 Ad
210 1593 261 1636 me
283 1573 405 1655 respice
427 1573 480 1638 fur
500 1576 534 1638 et
554 1574 737 1656 aestimato,

1 1681 3 1694 ν
131 1655 230 1732 Quod
250 1656 389 1739 pondost
410 1657 470 1720 tibi
491 1659 665 1721 mentulam
689 1657 871 1722 ascendum.

543 1788 693 1795 ——a——1

561 1870 671 1943 LXX.

133 1993 255 2058 Inlusit
274 1993 356 2057 mihi
376 2015 496 2078 pauper
517 1993 709 2077 inquilinus,

135 2077 200 2154 Qui
221 2077 322 2142 libum
344 2077 473 2142 dederat
493 2078 673 2162 molamque
695 2077 814 2161 fusam,

135 2161 280 2238 Quorum
301 2162 445 2245 partibus
468 2161 582 2226 additis
604 2161 639 2224 in
660 2161 781 2245 inguen
869 2165 876 2182 '

135 2245 236 2311 Sacro
257 2247 403 2328 protinus
425 2245 502 2310 hinc
523 2245 591 2309 abit
611 2247 750 2328 peraeto.

134 2329 248 2393 Vicini
270 2331 357 2395 oanis
378 2329 443 2394 huo
464 2328 598 2394 subinde
618 2329 724 2411 venit,

134 2413 308 2495 Nidorem,
330 2417 423 2497 puto,
445 2415 613 2497 prosecuta
633 2413 728 2495 fumi,

136 2497 227 2574 Quae
249 2497 399 2562 libamine
421 2499 580 2562 mentulas
603 2517 727 2562 comeso

136 2581 222 2646 Tota
242 2583 337 2645 nocte
359 2581 438 2646 mihi
459 2580 531 2646 litat
551 2582 678 2666 rigenti.

1 2669 3 2686 '
136 2666 265 2730 Atros
287 2666 423 2749 amplius
444 2665 600 2730 hocloco
622 2667 730 2730 cavete

136 2749 318 2832 Quicquam
382 2771 474 2833 nere,
497 2771 538 2814 ne
559 2750 778 2815 famelicarum
893 2792 896 2799 ι

135 2831 194 2897 Ad
215 2855 265 2897 me
286 2836 339 2896 tur
361 2856 380 2897 0
400 2834 478 2898 velit
496 2843 614 2898 'canum
635 2833 758 2914 venire,

135 2915 229 2998 Neu,
252 2916 327 2980 dum
347 2939 398 2982 me
421 2919 526 2982 colitis
548 2937 716 3000 meumque
739 2937 874 2997 numen,
897 2961 904 2985 ,
1041 2919 1049 2939 ’

137 2999 297 3066 Custodes
319 3001 463 3066 habeatis
485 3002 671 3066 inrumatos.

548 3131 697 3140 —..-.....

558 3214 686 3290 LXXI.

137 3337 176 3404 Si
198 3339 359 3404 conmissa
379 3361 469 3404 meae
492 3360 600 3424 carpes
622 3339 766 3423 pomaria
789 3361 896 3423 curae,

183 3415 299 3506 Dulcia
321 3425 375 3507 qui
397 3423 521 3488 doleam
542 3423 673 3508 perdere
679 3473 688 3504 ,
711 3423 822 3488 doctus
845 3424 916 3488 eris.

192 3607 321 3651 carvanas.
