2486 4010
631 175 825 232 coornatur
1092 173 1203 249 [axin.

562 367 685 442 nnn
711 366 885 462 [xxvru

306 491 351 558 Et
371 512 428 556 vos
450 491 618 574 incertam,
641 489 807 574 mortales,
828 490 950 555 funeris
972 489 1086 554 boram

349 575 523 658 Quaeritis,
545 579 578 640 et
599 596 662 659 qna
684 575 726 639 sit
746 595 833 639 mors
854 573 979 639 aditurra
999 573 1067 657 via,

307 659 465 736 Quaeritis
487 664 521 726 εὴ
541 659 645 742 caelo,
667 658 863 724 Phoenicum
884 659 1030 741 inventa,
1052 679 1181 739 sereno,

350 743 440 826 Quae
455 745 498 810 sit
513 743 607 811 stella
624 742 748 808 homini
763 742 929 808 commoda
943 763 1086 827 quaeque
1103 743 1199 824 mals,

279 841 296 891 a
312 826 374 895 Seu
387 825 522 913 pedibus
532 827 668 894 Parthos
683 827 823 911 sequitur
833 849 889 894 seu
901 827 1003 893 classe
1014 825 1200 908 Britannos,

349 911 394 977 Et
413 913 510 979 muris
532 916 565 977 et
585 916 686 978 terrae
709 932 802 976 caeca
821 911 942 996 pericla
961 912 1046 996 viaa3

306 995 429 1062 Rursus
451 1001 484 1063 et
504 997 664 1064 obiectum
684 995 767 1062 fletis
789 1000 886 1082 caput
907 1019 976 1062 esse
996 996 1154 1077 tumultu,

350 1081 432 1147 Cum
452 1081 582 1148 Mavors
604 1081 716 1146 dubias
737 1081 850 1146 miscet
870 1080 1028 1164 utrimque
1049 1102 1179 1164 manua,

306 1164 476 1230 Praeterea
498 1166 644 1231 domibus
665 1165 828 1230 flammam
849 1166 1026 1250 metuisque
1047 1165 1175 1247 ruinas,

259 1261 292 1312 10
347 1247 420 1316 Neu
441 1249 577 1315 subeant
597 1249 695 1314 labris
717 1250 832 1334 pocula
852 1251 947 1348 nigre
966 1249 1041 1315 tuis.

307 1331 401 1399 Solus
423 1355 533 1399 amans
553 1335 647 1400 novit
685 1333 811 1420 quando
832 1337 990 1418 periturus
1012 1336 1045 1398 et
1066 1355 1087 1397 a
1109 1355 1169 1418 qua

348 1415 462 1503 Morte,
473 1440 577 1506 neque
586 1416 640 1483 hic
647 1383 769 1485 itureae
779 1418 879 1483 flabra
888 1439 991 1502 neque
1001 1440 1091 1484 arma
1100 1421 1198 1484 timet.

306 1500 375 1568 Iam
397 1503 474 1568 licet
494 1508 528 1569 et
541 1501 654 1590 Stygia
676 1502 784 1568 sedeat
805 1504 864 1568 sub
886 1502 1040 1568 arundine
1061 1525 1182 1586 remex,

350 1585 468 1654 Cernat
489 1591 522 1654 et
541 1588 686 1654 infernae
707 1588 813 1652 tristia
833 1588 906 1652 vela
926 1587 1018 1652 ratis:

260 1682 291 1732 15
306 1669 341 1736 si
361 1672 458 1736 modo
480 1673 664 1738 damnatum
685 1673 881 1738 revocaverit
902 1694 979 1738 aura
999 1673 1142 1757 puellae,

349 1755 544 1823 Concessum
565 1757 655 1822 nulla
675 1757 747 1842 lege
767 1756 886 1822 redibit
905 1757 975 1822 iter.

542 1905 901 2084 armum.

305 2107 342 2173 Iu
388 2110 463 2194 iter,
486 2111 629 2177 adfectae
650 2111 780 2178 tandem
801 2113 950 2178 miserere
971 2113 1112 2196 puellae:
1225 2181 1226 2190 ,

375 2215 427 2258 am
448 2195 591 2260 formosa
611 2200 702 2262 tuum
722 2199 848 2262 mortua
869 2197 989 2262 crimen
1011 2198 1082 2262 erit.

305 2273 403 2338 Venit
424 2279 510 2344 enim
532 2281 672 2364 tempus,
695 2303 757 2366 quo
779 2281 917 2346 torridus
940 2283 1064 2346 aestuat
1084 2301 1153 2364 aer,
1225 2284 1226 2346 t

346 2357 465 2442 Incipit
487 2365 519 2426 et
540 2363 624 2428 sicco
646 2365 768 2430 fervere
789 2369 874 2430 terra
896 2363 993 2432 (tane.

276 2453 292 2504 5
308 2441 370 2510 Sed
391 2465 457 2509 non
479 2447 546 2508 tam
561 2446 683 2512 ardoris
698 2451 823 2534 culpast
835 2472 876 2514 ne
897 2471 937 2514 ue
958 2449 1094 2536 erimina
1106 2448 1196 2529 caeli,

348 2526 449 2604 Quam
470 2530 588 2596 totiens
610 2535 739 2598 sanctos
761 2556 826 2599 non
847 2534 890 2598 ha
912 2534 999 2599 uisse
1020 2535 1106 2598 deos.
1224 2603 1225 2614 ,

303 2609 376 2678 Hoc
396 2613 502 2697 perdit
522 2615 669 2701 miseras,
690 2616 754 2683 hoo
775 2618 915 2702 perdidit
936 2622 1010 2683 ante
1030 2618 1167 2702 puellas:
1224 2621 1225 2713 t

347 2697 508 2784 Quidquid
527 2700 688 2784 iurarunt,
710 2707 823 2768 ventus
846 2707 878 2768 et
898 2704 984 2768 unda
1003 2703 1098 2786 rapit.

303 2779 391 2847 Num
413 2783 474 2848 sibi
497 2785 645 2850 collatam
667 2786 768 2851 doluit
780 2787 891 2853 Venus
912 2788 983 2872 ipsa
1004 2784 1195 2870 paremque?
1223 2840 1224 2859 ,

256 2878 289 2926 ιο
343 2865 406 2932 Per
428 2889 461 2932 se
482 2868 631 2934 formosis
652 2871 810 2936 invidiosa
832 2872 930 2936 deest.

303 2951 357 3016 An
378 2955 561 3037 contempta
582 2954 642 3019 tibi
663 2955 795 3019 Iunonis
816 2957 936 3040 templa
957 2955 1133 3104 Pelasgae?

345 3035 484 3102 Palladis
506 3041 561 3102 aut
582 3040 691 3104 oeulos
713 3062 789 3104 ausa
809 3061 928 3125 negare
948 3041 1052 3106 bonos

304 3118 450 3206 Semper,
472 3123 647 3205 formosae,
669 3145 737 3189 non
756 3125 859 3189 nostis
879 3146 1010 3209 parcere
1030 3125 1146 3190 verbis.

344 3203 416 3268 Hoc
437 3207 498 3271 tibi
519 3208 630 3292 lingua
648 3228 769 3273 nocens
776 3257 785 3291 ,
813 3208 876 3274 hoc
896 3209 957 3274 tibi
977 3208 1082 3274 forma
1103 3206 1191 3274 dedit

255 3297 287 3345 15
303 3283 365 3349 Sed
386 3288 447 3351 tibi
468 3296 599 3355 vexatae
621 3293 800 3376 permulta
821 3293 962 3377 pericula
982 3294 1067 3358 vitae

345 3367 496 3432 Extremo
518 3374 625 3438 veniet
645 3377 772 3440 mollior
793 3377 871 3441 hora
893 3377 952 3441 die.
1104 3389 1107 3396 ‘

302 3449 339 3513 Io
359 3471 450 3515 versa
471 3459 567 3536 caput
586 3457 707 3540 primos
728 3461 907 3546 mugiverat
928 3482 1046 3527 annosz
1221 3479 1222 3538 v

1214 3823 1221 3978 Ι
