2476 4018
227 193 271 260 48
611 197 804 254 reornarn
1075 197 1190 268 [rann

335 365 395 430 Ille
416 366 490 428 tuus
511 384 635 488 perpes
656 365 722 427 tam
744 362 809 426 cito
823 361 927 486 gerat
947 359 1060 426 amor?

295 531 478 599 Contendat
497 555 622 598 mecum
644 494 791 616 ingdnio,
814 530 987 596 contendat
1008 533 1041 594 et
1062 533 1145 614 arte,

335 617 375 683 In
396 618 508 701 primis
530 639 595 680 una
616 616 717 681 diseat
738 637 844 678 amare
865 615 976 680 domo:

294 702 328 768 si
342 703 469 767 libitum
483 701 543 766 tibi
558 701 632 783 erit,
647 700 803 764 Lernaeas
818 703 941 785 pugnet
954 699 995 763 ad
1009 699 1127 782 hydras
1157 713 1187 760 25

243 799 278 849 10
333 787 378 852 nt
398 786 458 850 tibi
480 786 520 850 ab
542 785 698 868 Hesperio
720 784 804 848 mala
825 785 961 849 dracone
980 784 1078 866 feret,

292 871 382 936 Trita
402 892 525 936 venene
545 869 649 934 libens
673 873 705 934 et
725 869 899 954 naufragus
921 868 1029 932 ebibat
1049 868 1151 932 undas

334 955 379 1020 Et
399 976 572 1038 numquam
592 975 651 1038 pro
673 956 706 1018 te
728 953 866 1038 deneget
887 975 955 1017 esse
976 953 1075 1016 miser

293 1039 394 1123 (Quos
408 1041 531 1105 utinam
546 1039 581 1103 in
594 1038 699 1121 nobie,
714 1037 790 1121 vita,
805 1039 966 1121 experiare
979 1037 1106 1102 labores
1114 1039 1154 1124 !):

333 1121 402 1188 Iam
423 1124 483 1188 tibi
505 1123 544 1188 de
564 1122 685 1187 timidis
706 1123 769 1186 iste
790 1121 944 1205 superbus
965 1123 1040 1204 erit,
1156 1135 1186 1182 eo

242 1219 275 1270 15
291 1207 353 1284 Qui
366 1229 452 1271 nune
467 1229 501 1271 se
515 1208 551 1271 in
565 1207 723 1272 tumidum
735 1207 884 1271 iactando
898 1206 987 1270 venit
997 1205 1165 1271 honorem:

332 1289 511 1355 Discidium
532 1291 624 1356 robis
646 1291 809 1374 proximus
831 1313 933 1355 annus
955 1291 1026 1355 erit.

291 1376 338 1439 At
357 1397 408 1440 me
429 1396 496 1439 non
518 1377 605 1440 aetas
626 1376 764 1442 mutabit
784 1377 854 1440 tota
875 1374 1031 1458 Sibyllae,
1137 1390 1140 1394 ’

334 1459 409 1524 Non
429 1461 522 1526 labor
543 1459 690 1544 Alcidae,
711 1481 778 1524 non
799 1461 893 1546 niger
914 1460 968 1524 ille
991 1459 1069 1528 dies.

291 1543 340 1608 Tu
361 1567 433 1610 mea
454 1565 616 1630 caupones
638 1547 671 1609 et
692 1545 777 1610 dices
800 1553 906 1628 mssa,
929 1543 1094 1628 Properti,
1154 1558 1184 1606 35

239 1639 276 1689 20
332 1627 422 1694 Haeo
442 1632 498 1693 tua
519 1632 608 1694 sunt:
631 1629 711 1693 eheu
732 1632 769 1692 tu
789 1628 870 1692 mihi
892 1631 996 1693 certus
1018 1651 1104 1712 eras,

293 1711 405 1777 Certus
428 1735 497 1778 eras
519 1713 614 1796 eheu,
638 1713 780 1797 quamvis
801 1735 863 1778 nee
884 1714 1039 1798 sanguine
1061 1716 1145 1778 avito
1226 1779 1227 1784 ,

333 1795 461 1862 Nobilis
483 1801 516 1863 et
537 1799 680 1883 quamvis
700 1798 779 1862 haut
800 1798 846 1862 ita
867 1798 954 1862 dives
976 1806 1068 1863 eras?
1161 1818 1191 1841 Δ

290 1879 422 1968 Nil²ego
437 1904 503 1950 non
518 1882 634 1966 patiar,
649 1904 822 1966 numquam
836 1905 887 1946 me
900 1883 1015 1946 iniuria
1028 1886 1146 1946 mutet:

333 1965 428 2032 Ferre
444 1989 503 2052 ego
518 1966 691 2030 formosam
705 1967 830 2030 nullum
845 1988 925 2032 onus
941 1987 1009 2031 esse
1024 1971 1112 2050 puto.
1153 1980 1184 2028 so

240 2062 275 2111 ao
291 2049 394 2114 Credo
417 2073 477 2136 ego
499 2073 565 2116 non
587 2072 704 2135 paucos
726 2052 788 2114 ista
808 2052 940 2134 periisse
961 2052 1079 2135 fignira,

334 2133 436 2200 Credo
460 2158 520 2222 ego
543 2137 598 2201 sed
619 2137 737 2200 multos
759 2157 825 2200 non
845 2136 994 2200 habuisse
1015 2136 1121 2201 fidem.
1225 2137 1226 2198 ἐ

290 2215 393 2281 Parvo
416 2220 525 2284 dilexit
547 2221 650 2303 spatio
667 2219 810 2284 Minoida
830 2219 984 2302 Theseus,
1225 2225 1226 2234 ’

332 2299 480 2384 Phyllide
495 2303 720 2389 Demophoon,
736 2304 852 2387 hospes
866 2308 998 2389 uterque
1012 2305 1123 2370 malus.

290 2383 359 2449 lam
380 2385 440 2449 tibi
461 2386 589 2452 lesonia
609 2393 719 2452 notast
740 2389 851 2452 Medea
873 2390 981 2453 carina

239 2480 277 2530 80
332 2468 377 2534 Et
397 2470 492 2535 modo
515 2475 638 2536 servato
662 2474 730 2536 sola
750 2473 863 2537 relicta
884 2473 962 2538 viro.

290 2552 423 2637 Durast,
445 2577 525 2640 qnae
539 2555 649 2621 multis
664 2558 845 2622 simulatum
859 2558 954 2642 fingit
968 2579 1123 2643 amorem,

333 2638 378 2703 nt
399 2661 432 2704 se
453 2641 525 2724 plus
546 2642 602 2705 uni
625 2641 714 2725 siqua
736 2664 847 2725 parare
868 2646 982 2726 potest.

290 2719 368 2787 Noli
389 2725 566 2808 nobilibus,
587 2727 654 2790 noli
677 2726 820 2790 conferre
842 2727 958 2791 beatis:

332 2807 396 2872 Vix
417 2811 518 2890 venit,
541 2814 682 2874 extremo
704 2811 757 2893 qui
779 2811 867 2895 leget
888 2833 960 2875 ossa
981 2811 1048 2893 die3
1152 2824 1185 2873 50

237 2905 275 2958 ab
288 2891 333 2958 Ni
348 2893 407 2956 tibi
421 2915 480 2958 nos
496 2895 626 2958 erimus:
643 2893 698 2958 sed
712 2899 748 2957 tu
763 2897 869 2978 potius
884 2917 997 2978 precor
1010 2902 1112 2962 utine

332 2976 488 3044 Demissis
509 2979 644 3064 plangas
666 2983 796 3065 pectore
819 2980 904 3046 nuda
925 2981 1034 3046 comis.

587 3195 655 3268 xx
682 3195 823 3288 [mu.

290 3309 395 3376 Vnica
415 3319 492 3377 neta
512 3338 584 3380 meo
607 3316 819 3400 pulcherrima
841 3340 915 3383 cure
936 3319 1055 3401 dolori,

334 3395 484 3459 Excludit
505 3401 654 3478 quoniam
677 3423 745 3466 sors
767 3425 838 3466 mea
860 3408 970 3486 ‘saepe
991 3403 1094 3487 reni',

289 3477 358 3544 Ista
379 3481 458 3541 meis
479 3479 535 3542 fiet
554 3483 722 3549 notissima
743 3486 846 3550 forma
867 3487 999 3570 libellis,
