2470 4010
370 231 487 290 LIBER.
538 264 540 266 -
869 221 914 288 63

318 395 533 470 LXXVIIH.

114 529 157 590 est
175 525 319 610 pulcher:
343 527 418 611 quid
440 527 497 590 ni?
520 547 614 610 quem
635 523 750 590 Lesbia
770 524 862 588 malit

120 617 150 674 le
172 633 242 674 eum
262 615 332 674 tota
353 615 465 696 genle,
489 610 629 694 Catulle,
651 611 717 674 lua.

116 695 201 760 uhic
215 693 348 779 pulcher
362 695 480 761 vendat
494 716 566 760 eum
580 697 677 780 geute
693 693 866 778 Catullum,

133 785 280 844 notorum
302 780 389 844 savia
409 780 594 864 reppererit.

356 993 500 1068 LXXX.

114 1138 175 1198 um,
199 1114 298 1198 Gelli,
320 1137 417 1198 quare
438 1136 530 1180 roses
552 1115 613 1181 isla
634 1115 751 1182 labella

114 1223 138 1263 ‚a
158 1201 238 1263 fiunt
258 1199 441 1264 candidiora
462 1201 551 1286 nive,

114 1307 162 1348 mo
186 1305 257 1348 cum
279 1285 345 1348 exis
367 1289 400 1348 et
421 1305 493 1349 cum
514 1288 547 1349 le
569 1285 681 1350 oslava
703 1284 807 1369 quiete

114 1371 132 1431 li
155 1370 252 1453 longo
275 1369 408 1434 suscitat
425 1368 508 1439 hors
530 1369 603 1434 die?

114 1453 147 1516 id
169 1455 302 1518 certesi:
325 1475 366 1517 un
388 1475 460 1518 vere
481 1453 567 1518 fama
589 1457 731 1518 susurrat
896 1462 917 1514 5

114 1560 134 1600 a
154 1541 186 1600 te
207 1537 303 1601 medii
324 1541 415 1602 tenta
436 1559 546 1604 vorare
567 1538 651 1602 viri?

114 1627 156 1685 sl:
180 1623 319 1686 clamant
339 1622 480 1687 Victoris
502 1624 597 1707 rupis
617 1621 734 1686 miselli

114 1711 123 1770 l
144 1706 265 1772 emulso
288 1705 377 1771 labra
396 1708 509 1771 uolatu
530 1727 611 1771 seru.

351 1919 514 1995 LXXXI.

116 2046 152 2108 in
173 2046 263 2109 tanto
284 2045 391 2128 poluit
412 2044 531 2128 populo
555 2064 638 2126 esse,
660 2041 786 2107 Iuventi
792 2091 803 2127 ,

122 2129 236 2212 homo,
258 2151 354 2212 quem
374 2131 411 2193 iu
432 2128 566 2214 diligere
588 2128 744 2212 inciperes
751 2136 770 2210 ,'

115 2237 174 2276 lam
196 2215 257 2277 iste
278 2217 353 2276 tuus
373 2204 564 2278 moribunr‘ls
585 2235 604 2277 a
625 2212 699 2277 sede
720 2209 844 2275 Pisauri

115 2321 117 2357 ι
140 2299 287 2364 inaurata
307 2298 458 2381 pallidior
479 2301 599 2381 statua,

115 2403 200 2447 nune
223 2381 357 2465 eordist,
380 2403 474 2466 quem
495 2385 532 2447 tu
552 2403 748 2466 praeponere
768 2378 862 2446 uobis
897 2387 920 2442 6r

137 2471 170 2532 et
191 2466 297 2532 nescis
319 2467 404 2550 quod
425 2467 549 2532 facinus
571 2467 679 2532 facias.

359 2607 511 2618 ——n—n-n

343 2698 523 2774 LXXXII.

116 2822 124 2885 i
147 2821 209 2885 libi
231 2821 281 2887 ris
303 2822 413 2886 oculos
435 2821 549 2886 debere
571 2819 733 2886 Catullum

116 2906 166 2969 lud
190 2905 297 2990 siquid
319 2906 421 2969 carius
443 2909 493 2970 est
514 2906 631 2988 oeuIiS,

119 2992 131 3053 i
154 2990 242 3074 noli,
264 2989 366 3053 multo
390 2988 475 3073 quod
497 2990 598 3053 carius
620 2987 670 3052 illi

117 3075 173 3138 uis
197 3096 255 3140 seu
277 3072 353 3158 quid
375 3073 478 3136 carius
500 3074 550 3137 est
571 3071 681 3138 oculis.

333 3305 530 3380 LXXXIII.

117 3431 321 3528 lopraesente
343 3432 411 3528 viro
433 3431 519 3526 mals
539 3428 677 3526 plurima
698 3427 790 3494 uisitz
818 3479 821 3485 .

118 3517 148 3580 lh
172 3517 264 3582 fatuo
287 3537 425 3580 maxims
445 3514 606 3580 lael1l1asi.
