2468 4036
67 263 138 332 nu]
476 257 584 314 uisse
605 257 641 314 11.
1002 246 1043 312 ‘27

70 424 149 490 Neo
169 421 244 504 tibi,
266 441 465 506 gemmarum
489 418 642 502 quidquid
662 418 808 484 felicibus
829 418 919 484 Indis
1013 427 1045 478 15

120 506 289 588 Nascitur,
311 504 373 568 Eoi
394 525 457 588 qua
478 504 574 566 meris
595 502 682 566 unda
702 504 803 568 rubet.

72 591 166 657 Vota
188 588 315 655 cadunt
345 588 441 652 viden
462 590 499 650 ut
520 587 761 671 strepitantibus
783 587 909 652 advolet
930 586 988 650 elis

121 675 283 757 Flavaque
306 673 455 758 coniugio
478 672 604 736 vincula
625 674 733 755 portet
753 672 869 755 Amor,

74 760 228 840 Vincula,
240 777 320 841 quae
335 758 487 821 maneant
500 777 634 840 semper,
649 757 725 820 dum
739 755 829 820 tarda
844 757 989 820 senectus

121 844 260 908 Induout
280 840 581 925 ruges‘inficiatque
602 862 719 905 comas.
1012 851 1047 898 20

77 928 151 993 Hac
173 927 281 992 veniat
301 925 417 990 natalis
440 924 491 990 avi
512 926 697 1009 prolemque
719 925 892 1010 ministret,

122 1012 229 1078 Ludat
250 1013 282 1075 et
304 1015 378 1074 ante
399 1013 472 1074 tuos
493 1009 587 1074 turba
607 1010 735 1076 nouella
755 1009 862 1094 pedes.

529 1223 593 1298 ΠΙ.

82 1351 171 1416 Rura
192 1367 312 1430 meam,
335 1344 490 1428 cornute,
511 1348 624 1412 tenent
643 1350 801 1434 villaeque
822 1348 977 1433 puellam:

125 1435 261 1498 Ferreus
284 1433 348 1513 est,
370 1429 531 1515 heuheu,
553 1432 695 1516 quisquis
716 1436 752 1497 in
772 1434 850 1497 urbe
871 1433 989 1496 manet

84 1519 159 1603 Ipsa
181 1517 291 1581 Venus
313 1515 413 1578 laetos
435 1514 497 1579 iam
520 1537 607 1579 nuno
628 1518 779 1602 migravit
799 1517 835 1580 in
856 1536 965 1600 agros,

126 1602 296 1684 Verbaque
319 1599 452 1664 aratoris
473 1601 594 1664 rustica
615 1601 709 1666 discit
728 1602 838 1666 Amor.

86 1689 112 1754 Ο
128 1709 144 1751 e
168 1707 204 1770 o,
220 1707 293 1749 cum
307 1684 482 1766 aspicerem
497 1685 673 1769 dominam,
695 1707 789 1770 quam
803 1684 931 1748 fortiter
945 1681 1012 1746 illic
1033 1693 1049 1741 5

158 1791 297 1836 ersarcm
319 1767 424 1832 valido
445 1768 565 1852 pingue
586 1769 716 1834 bidente
738 1771 842 1834 solum

86 1854 321 1937 Aurieolaeque
343 1851 438 1916 modo
463 1873 592 1917 curvum
615 1857 753 1918 sectarer
775 1855 929 1934 aratrum,

118 1910 214 2005 llum
236 1939 389 2022 subigunt
410 1938 533 2002 steriles
555 1959 631 2002 arva
652 1938 786 2004 serenda
806 1937 916 2001 boves!

87 2025 157 2092 Nec
181 2043 344 2107 quererer,
366 2020 450 2104 quod
473 2023 520 2086 sol
543 2024 678 2108 graciles
701 2023 966 2104 ermembertus,

130 2109 285 2173 Laederet
305 2109 339 2171 et
359 2109 486 2170 teneras
507 2109 640 2190 pussula
659 2111 754 2192 rupta
773 2127 897 2172 manus.
1020 2114 1054 2163 10

86 2194 181 2260 Pavit
203 2197 236 2256 et
256 2191 386 2255 Admeti
407 2193 516 2256 tauros
538 2193 697 2257 formosus
719 2192 851 2276 Apollo,

129 2278 201 2343 Neo
222 2275 343 2342 cithara
363 2275 510 2340 intonsae
531 2277 759 2361 profueruntue
781 2299 905 2359 comae,

88 2363 157 2430 Nec
179 2361 285 2446 potuit
308 2381 398 2424 curas
421 2381 533 2426 sanare
555 2363 734 2428 salubribus
754 2362 878 2428 herbis:

131 2444 292 2529 Quidquid
315 2446 383 2507 eret
403 2445 543 2510 medicae
564 2447 683 2514 vicerat
704 2448 782 2512 artis
802 2466 898 2510 amor.

91 2531 165 2615 Ipse
186 2530 263 2594 deus
286 2529 399 2592 solitus
421 2531 555 2596 stabulis
576 2535 733 2617 expellere
755 2551 869 2596 vaccas

91 2698 135 2764 Et
154 2699 289 2764 miscere
310 2718 395 2761 novo
417 2697 562 2822 dpouisse
586 2701 719 2823 coagula
740 2701 837 2782 lacte,

137 2867 284 2956 [Lacteus
306 2869 338 2931 et
357 2867 476 2963 mixtus
499 2833 676 2954 obriguisse
698 2864 826 2962 liquor]

93 2953 175 3018 Tum
195 2951 317 3016 fiscella
337 2951 401 3015 levi
423 2953 581 3018 detextast
602 2953 719 3016 vimine
741 2953 843 3033 iuncr,
1025 2957 1058 3008 15

133 3037 280 3120 Raraque
300 3057 359 3120 per
378 3057 479 3102 nexus
501 3040 550 3100 est
570 3039 622 3102 via
643 3037 831 3102 facta-sero.

96 3120 121 3184 Ο
143 3123 291 3204 quotiens
313 3120 369 3184 illo
392 3121 528 3186 vitulum
549 3124 697 3208 gestante
717 3142 775 3205 per
796 3139 890 3206 agros

134 3203 262 3270 Dicitur
284 3225 454 3272 occurrens
477 3207 638 3272 erubuisse
661 3207 764 3271 sororl
1039 3281 1041 3286 ,

96 3288 122 3352 0
144 3290 292 3372 quotiens
314 3311 424 3374 ausae,
448 3295 576 3356 caneret
599 3292 674 3355 dum
695 3291 778 3356 valle
800 3287 962 3371 subalta,

136 3372 297 3458 Rumpere
318 3377 443 3462 mugitu
466 3378 606 3442 carmina
629 3377 723 3441 docte
744 3376 856 3440 boves!
1025 3379 1061 3426 20

9 3469 10 3522 ἶ
98 3456 197 3542 Saepe
220 3459 316 3522 duces
337 3461 471 3545 trepidis
493 3463 612 3544 petiere
635 3461 763 3526 oracula
782 3458 892 3537 rebus,

9 3563 10 3602 1
138 3543 236 3608 Venit
257 3545 290 3607 et
311 3565 330 3606 a
351 3547 480 3630 templis
502 3547 592 3610 irrita
612 3546 707 3608 turba
728 3544 872 3605 domum:
