2470 4010
176 213 221 276 24
587 211 741 266 curvum
969 209 1155 281 [xxxxvu.

263 377 389 460 Verpus
411 374 595 460 praeposuit
615 371 748 458 Priapus
769 372 847 437 ille?

191 473 209 524 5
262 461 330 526 Vos
353 461 499 524 convivia
518 460 607 523 lauta
628 460 812 542 sumptuose

263 543 313 608 De
336 544 386 607 die
408 543 535 607 facitis?
557 543 621 609 mei
642 542 767 605 sodales

264 628 428 704 Quaerunt
448 628 483 690 in
504 627 599 690 trivio
621 623 839 707 vocationes?¹

586 755 739 766 ι-ο-οι--ο-

540 828 774 912 XXXXVHI.

264 965 406 1030 Mellitos
429 962 537 1027 oculos
559 964 649 1044 tuos,
670 959 812 1043 Iuventi,

266 1049 372 1132 Siquis
393 1068 445 1111 me
467 1047 552 1109 sinat
573 1065 672 1128 usque
693 1045 831 1126 basiare,

264 1133 373 1216 Vsque
396 1131 436 1194 ad
457 1131 546 1194 milia
566 1129 688 1193 basiem
709 1131 864 1212 trecenta,

263 1217 334 1282 Nec
355 1237 506 1298 umquam
526 1213 633 1277 videar
655 1216 743 1276 satur
765 1213 904 1295 futurus,

263 1301 339 1365 Non
361 1301 388 1362 si
411 1299 538 1362 densior
559 1298 656 1361 aridis
678 1297 783 1360 aristis

265 1384 315 1450 Sit
335 1386 463 1447 nostrae
485 1403 576 1466 seges
599 1381 814 1446 osculationis.

585 1511 739 1521 -η--υ-

536 1559 825 1668 ΧΧΧΧνΠΠὙ

264 1719 481 1785 Disertissime
501 1718 631 1782 Romuli
652 1721 819 1801 nepotum,

265 1805 352 1881 Quot
372 1807 448 1868 sunt
469 1805 608 1887 quotque
629 1803 732 1885 fuere,
755 1801 861 1866 Marce
883 1797 983 1883 Tulli,

266 1889 412 1972 Quotque
433 1891 507 1972 post
529 1888 599 1951 aliis
622 1890 716 1950 erunt
736 1886 771 1949 in
792 1885 901 1968 annis,

266 1973 394 2038 Gratias
415 1973 475 2035 tibi
497 1972 650 2034 maximas
674 1969 817 2035 Catullus

263 2057 344 2140 Agit
364 2056 521 2138 pessimus
544 2055 684 2118 omnium
707 2058 815 2137 poeta,

264 2139 368 2202 Tanto
391 2139 546 2221 pessimus
569 2139 712 2203 omnium
733 2143 829 2221 poeta

265 2223 391 2298 Quanto
413 2224 450 2284 tu
472 2223 611 2304 optimus
633 2223 776 2288 omnium
797 2223 959 2306 patronus.

585 2351 738 2362 -un-

640 2437 681 2512 L·
693 2411 712 2452 «Ι

264 2557 438 2642 Hesterno,
461 2558 579 2644 Licini,
602 2561 652 2624 die
675 2560 769 2625 otiosi

264 2641 399 2706 Multum
423 2643 555 2708 lusimus
578 2646 612 2708 in
633 2646 713 2709 meis
734 2644 877 2729 tabellis,

264 2727 310 2791 Vt
332 2734 522 2792 convenerat
544 2751 612 2792 csse
634 2729 797 2793 delicatos.

266 2811 413 2876 Scribens
436 2813 607 2877 versiculos
629 2817 761 2896 uterque
782 2816 928 2877 nostrum

193 2908 210 2956 o
264 2895 407 2960 Ludebat
428 2917 560 2962 numero
582 2896 677 2962 modo
699 2895 762 2961 hoc
782 2897 877 2961 modo
899 2897 989 2978 illoc,

264 2978 411 3044 Reddens
434 2984 543 3046 mutua
563 3003 621 3065 per
642 2981 746 3046 iocum
760 2985 862 3064 ‚atque
883 2981 1003 3044 vinum.

185 3144 189 3151 .
264 3063 370 3146 Atque
392 3065 482 3130 illinc
504 3066 568 3129 abii
589 3069 644 3129 tuo
668 3066 775 3149 lepore

263 3145 431 3229 Incensus,
453 3147 572 3232 Licini,
594 3149 795 3233 facetiisque,

265 3228 310 3293 Vt
330 3251 390 3294 nec
412 3251 463 3293 me
485 3234 636 3296 miserum
658 3234 746 3298 cibus
768 3234 905 3317 iuvaret,

180 3327 213 3375 10
261 3313 331 3377 Nec
354 3335 484 3378 somnus
506 3318 629 3398 tegeret
650 3318 754 3399 quiete
777 3317 910 3401 ocellos,

264 3395 327 3458 Sed
348 3398 416 3459 toto
439 3397 613 3461 indomitus
634 3400 740 3464 furore
761 3401 845 3465 lecto

263 3477 416 3541 Versarer
437 3481 568 3563 cupiens
589 3481 695 3545 videre
720 3483 838 3566 lucem,
