2468 4036
204 210 251 276 42
619 211 764 270 TlBVLLI

313 376 407 462 Inpia
426 375 462 440 in
484 375 632 441 adversos
654 376 806 443 solvimus
829 397 885 441 ora
906 375 997 442 deos:

222 475 255 524 15
270 461 314 526 Et
334 461 477 526 nondum
499 461 571 525 cani
591 461 703 546 nigros
725 461 844 526 laesere
867 461 1013 545 capillos,

313 545 383 612 Nec
404 546 494 612 venit
514 543 606 610 tardo
629 567 725 610 curva
747 548 875 610 senecta
895 545 983 629 pede.

270 629 419 697 Natalem
440 631 543 714 primo
566 632 712 694 nostrum
733 630 840 694 ridere
861 631 1024 714 parentes,

314 714 397 781 Cum
418 714 533 779 cecidit
552 714 620 778 feto
643 714 756 779 consul
777 717 909 798 uterquc
930 715 1009 862 pari.

272 800 356 876 Quid
378 798 524 864 fraudare
545 798 633 862 iuvat
654 799 752 863 vitem
774 799 930 863 crescenti
952 819 990 862 us
1012 799 1086 862 uvis

219 896 256 948 20
311 883 356 948 Et
376 883 471 948 modo
492 885 569 946 nata
588 883 673 947 mala
693 883 809 947 vellere
830 904 927 967 poma
946 883 1066 947 manu?

271 967 412 1050 Parcite,
435 967 590 1052 pallentes
611 967 713 1032 undas
736 968 924 1051 quicumque
945 967 1062 1032 tenetis

314 1052 464 1136 Duraque
486 1051 592 1116 sortiti
612 1052 709 1116 tertia
729 1073 830 1136 regna
851 1051 910 1116 dci.

271 1135 313 1202 El
335 1136 400 1200 sios
422 1135 499 1199 olim
521 1136 616 1199 liceat
637 1157 830 1222 cognoscere
853 1157 984 1220 campos

359 1219 546 1303 thecamque
567 1223 669 1284 ratem
691 1219 942 1304 Cimmeriosque
963 1221 1065 1304 lacus,

220 1315 255 1368 25
271 1302 351 1369 Cum
373 1325 444 1367 mea
464 1325 582 1388 rugosa
602 1304 768 1388 pallebunt
789 1327 845 1370 ora
866 1308 994 1369 senecta

313 1386 359 1452 Et
378 1388 514 1452 referam
535 1389 642 1472 pueris
664 1391 810 1487 tempora
831 1390 936 1474 prisca
959 1411 1065 1454 senex.

272 1472 378 1622 Atque
399 1475 522 1537 utinam
544 1493 627 1570 vano
648 1495 841 1558 nequiquam
862 1477 982 1538 terrear
1004 1476 1109 1570 aestu!

272 1641 318 1706 a
338 1558 1124 1726 tatuttetttrlltfflttmttlttt

222 1737 258 1788 80
312 1725 358 1790 Et
378 1726 481 1790 facilis
503 1726 590 1790 lenta
610 1727 739 1810 pellitur
759 1727 844 1791 unda
865 1749 971 1792 manu.

272 1809 378 1876 Viuite
400 1811 523 1890 felices,
546 1833 703 1877 memores
725 1813 758 1876 et
778 1813 875 1876 vivite
895 1812 1014 1894 nostri,

315 1894 388 1960 Sive
411 1896 526 1960 crimus
549 1917 605 1960 seu
625 1916 685 1960 nos
706 1895 773 1960 fata
793 1895 891 1960 fuisse
912 1897 1023 1960 velint.

270 1977 398 2043 Interea
418 1981 529 2064 nigras
551 1981 687 2063 pecudes
709 1981 887 2064 promittite
909 1979 978 2044 Diti

313 2062 359 2127 Et
378 2064 465 2129 nivei
486 2065 577 2134 lactis
598 2064 714 2149 pocula
734 2065 834 2129 mixta
855 2085 953 2129 merc.

270 2397 415 2464 Candide
436 2398 546 2483 Liber,
569 2401 643 2466 ades
667 2402 728 2487 (sie
750 2403 793 2468 sit
813 2402 872 2468 tibi
892 2404 1030 2488 mystica
1049 2401 1125 2467 vitis

209 2547 217 2551 -
315 2481 461 2569 Semper,
485 2484 531 2548 sic
554 2484 647 2550 edera
667 2489 813 2572 tempora
834 2489 941 2551 vincta
961 2489 1075 2572 feras),

271 2567 374 2633 Aufer
396 2569 516 2653 etipse
538 2589 645 2635 meum
666 2575 776 2655 patera
797 2572 975 2636 medicante
997 2573 1151 2638 dolorem:

316 2651 417 2739 Saepe
439 2658 495 2718 tuo
518 2655 634 2720 cecidit
654 2677 784 2736 munere
807 2657 909 2720 victus
932 2678 1030 2738 amor.

238 2735 353 2803 cCare
374 2761 468 2823 puer,
490 2740 640 2804 madeant
660 2761 816 2825 generoso
837 2741 953 2825 pocula
974 2739 1114 2824 Baccho,

314 2821 359 2887 Et
378 2825 472 2889 nobis
494 2845 596 2907 prona
616 2825 715 2888 funde
736 2825 872 2890 Falerna
893 2847 998 2892 manu.

272 2906 321 2971 Ite
342 2908 454 2992 procul
476 2907 589 2973 durum
612 2923 703 2973 curae
726 2931 843 2994 genus,
865 2911 910 2974 ite
932 2910 1072 2976 labores:

315 2991 455 3058 Fulserit
474 2991 527 3058 hic
548 2995 650 3059 niveis
672 2993 784 3058 Delius
807 2995 944 3059 alitibus.

180 3077 183 3083 '
272 3073 340 3139 Vos
362 3078 457 3142 modo
479 3079 643 3164 proposito
667 3078 773 3143 dulces
795 3079 929 3144 faveatis
952 3080 1060 3162 amici,

223 3167 258 3220 10
314 3157 404 3224 Neve
425 3166 523 3246 neget
545 3163 711 3247 quisquam
731 3185 784 3232 me
807 3164 886 3228 duce
908 3186 942 3229 se
965 3164 1126 3229 comitem:

272 3241 340 3306 Aut
362 3244 459 3326 siquis
481 3247 549 3310 vini
570 3253 730 3313 certamen
752 3249 829 3313 mite
850 3252 989 3335 recusat,
1105 3273 1108 3278 ’

315 3325 420 3390 Fallat
442 3349 514 3391 eum
535 3332 619 3393 tecto
643 3354 715 3396 cara
735 3334 843 3416 puella
865 3333 947 3397 dolo.

272 3406 332 3472 Ille
354 3409 432 3473 facit
453 3409 534 3474 dites
556 3413 679 3478 animos
702 3415 793 3498 deus,
816 3417 872 3480 ille
893 3417 1032 3482 ferocem

317 3489 470 3557 Contudit
492 3496 524 3557 et
546 3495 691 3561 dominae
713 3499 802 3564 misit
822 3501 858 3564 in
879 3501 1058 3584 arbitrium,
