2470 4010
216 217 261 280 42
626 219 778 276 carrum
1056 217 1159 290 prun.
1205 283 1210 293 Ι

283 384 328 448 Vt
347 385 423 467 pote
444 383 551 450 fallaci
572 386 742 468 quactum
763 383 901 466 primum
923 381 1025 446 excita
1046 401 1142 444 somno
1205 337 1210 373 Ι

283 467 450 532 Desertam
471 469 506 532 in
528 469 598 532 sola
618 469 774 532 miseram·
789 489 822 531 se
845 471 954 531 cernat
975 487 1075 530 arena.

282 553 445 616 Inmemor
466 556 499 616 at
520 553 642 616 iuvenis
664 552 790 636 fugiens
812 551 903 634 pellit
924 551 1005 614 vada
1025 550 1125 630 remiS,

146 676 154 700 ς
283 637 385 700 inrita
406 639 556 702 ventosae
578 637 724 719 linquens
745 636 902 720 promissa
914 635 1086 739 procellae,

152 721 157 731 “
233 735 267 782 60
284 721 383 796 Quem
404 722 518 804 procul
539 743 579 784 ex
600 722 674 804 alga
694 720 824 783 maestis
846 715 965 784 Minois
988 718 1105 800 ocellis,

285 805 385 870 Saxea
406 809 443 869 ut
465 806 587 888 effigies
608 803 810 886 bacchantis,
831 804 1000 887 prospicit,
1024 802 1111 884 eheu,

283 889 444 973 Prospicit
466 893 498 952 et
517 890 643 974 magnis
666 911 811 952 curarum
832 889 964 951 fluctuat
984 887 1089 968 mdia,

283 973 360 1037 Non
380 975 461 1036 flavo
483 974 625 1036 retinens
648 973 796 1040 subtilem
817 972 935 1036 vertice
956 972 1094 1054 mitram,

284 1057 360 1122 Non
382 1060 528 1121 contecta
549 1057 611 1120 levi
632 1060 653 1139 †
672 1058 812 1120 velatum
833 1059 943 1140 pectus
965 1057 1095 1138 amictu,

234 1156 268 1205 65
283 1142 358 1206 Non
379 1141 473 1205 tereti
495 1140 639 1224 strophio
661 1142 815 1204 lactantes
836 1140 944 1204 vincta
965 1141 1110 1224 papillati,

286 1227 401 1290 Omnia
423 1248 503 1308 quae
523 1227 592 1288 toto
615 1226 783 1308 delapsae
806 1246 937 1310 corpore
958 1225 1077 1308 passim

286 1311 391 1394 Ipsius
414 1314 488 1373 ante
509 1309 606 1392 pedes
627 1309 741 1373 fluctus
764 1309 839 1373 salis
861 1309 1062 1374 adludebant.

160 1393 164 1402 ’
286 1395 341 1458 ses
353 1416 457 1476 neque
471 1397 540 1458 tum
554 1395 667 1458 mitrae
681 1415 784 1478 nequa
798 1397 866 1456 tum
882 1393 1037 1456 fluitantis
1049 1391 1163 1456 amictus

286 1479 348 1540 llla
369 1479 470 1542 vicem
493 1501 606 1542 curans
627 1482 696 1542 toto
720 1500 758 1542 ex
778 1481 811 1542 te
832 1481 973 1561 pectore,
996 1477 1126 1560 Theseu,

236 1574 270 1624 70
285 1563 366 1626 Toto
389 1563 512 1646 auimo,
534 1566 603 1626 tota
623 1563 784 1646 pendebat
804 1562 929 1645 perdita
948 1563 1063 1626 mente.
1173 1593 1177 1604 ·

285 1648 315 1709 A
337 1647 466 1728 misera,
489 1647 627 1710 adsiduis
651 1669 746 1730 quam
767 1647 903 1710 luctibus
926 1645 1099 1710 externauit

181 1747 191 1791 .’
259 1767 262 1803 i
287 1731 439 1814 Spinosas
461 1731 600 1814 Erycina
622 1753 729 1796 serens
750 1731 785 1794 in
805 1733 933 1814 pectore
956 1751 1046 1794 curas

286 1816 347 1879 llla
367 1819 574 1900 tempestate,
597 1815 689 1880 ferox
710 1837 806 1899 quom
827 1815 941 1878 robore
963 1814 1101 1878 Theseus

286 1901 443 1984 llgressus
467 1901 571 1965 curvis
593 1922 611 1964 e
633 1900 779 1964 litoribus
801 1899 904 1963 Piraei

236 1997 268 2046 75
285 1986 404 2068 astigis
424 1985 536 2048 iniusti
557 2007 591 2048 re
618 1985 642 2046 's
665 1983 821 2066 Gortynia
841 1985 935 2048 tecta.

285 2068 370 2132 Nam
391 2067 560 2150 perhibent
581 2069 658 2132 o'm
680 2067 799 2131 crudeli
819 2069 909 2150 peste
931 2069 1072 2132 coactam

286 2151 538 2235 Androgeoneae
560 2174 680 2236 poenas
704 2153 847 2216 exolvere
870 2152 975 2216 caedis

286 2235 415 2298 Electos
437 2236 565 2298 iuvenes
588 2237 682 2300 simul
704 2239 737 2300 et
758 2237 852 2300 decus
874 2235 1078 2320 innuptarum

287 2318 472 2402 Cecropiam
495 2319 623 2384 solitam
645 2343 713 2385 esse
735 2321 848 2404 dapem
870 2319 944 2385 dara
966 2321 1149 2384 Minotauro,

236 2403 364 2477 salluis
385 2407 521 2488 angusta
542 2405 634 2468 malis
657 2427 728 2469 cum
749 2403 876 2468 moenia
896 2407 1099 2482 vexarentur,

271 2487 359 2570 'lpse
382 2509 472 2550 suom
494 2487 635 2552 Theseus
657 2512 714 2572 pro
738 2491 953 2586 cariscorpus
975 2488 1109 2552 Athenis

287 2572 433 2636 Proicere
456 2573 580 2656 optavit
601 2575 707 2657 potius
730 2596 825 2658 quam
845 2574 925 2636 taho
946 2571 1073 2638 Cretam

286 2656 412 2721 Funera
432 2656 603 2741 Cecropiae
625 2681 685 2722 nec
706 2659 818 2722 funera
839 2660 1054 2742 portarentur,

286 2742 393 2824 Atque
414 2742 458 2806 ita
479 2763 560 2806 nave
582 2743 645 2807 levi
665 2744 772 2807 nitens
794 2765 831 2806 ac
852 2743 976 2806 lenibus
999 2741 1081 2805 auris

236 2839 269 2888 85
286 2827 527 2912 Magnanimum
548 2827 588 2890 ad
610 2827 720 2891 Minoa
741 2827 829 2892 venit
850 2826 1001 2909 sedesque
1023 2823 1171 2908 superbas,

286 2911 381 2976 Hunc
404 2912 537 2976 simulac
559 2913 673 2995 cupido
696 2911 862 2996 conspexit
882 2911 1002 2975 lumina
1023 2909 1111 2994 virgo

285 2996 401 3079 Regia,
425 3019 520 3080 quam
542 2997 647 3061 suavis
670 2997 816 3080 expirans
840 2999 944 3060 castus
966 2993 1078 3058 odores

286 3078 435 3143 Lectulus
456 3083 491 3144 in
513 3082 601 3146 molli
624 3081 781 3164 conplexu
802 3080 913 3143 matris
935 3079 1054 3162 alebat,

288 3161 402 3236 Quales
424 3163 564 3228 Eurotae
585 3166 785 3250 progignunt
804 3164 938 3227 flumina
958 3165 1080 3247 myrtus

236 3257 271 3307 90
286 3245 412 3332 Aurata
434 3245 601 3312 distinctos
624 3249 730 3313 educit
750 3271 847 3314 verna
869 3248 1007 3330 colores,

286 3329 362 3395 Non
383 3329 471 3412 prius
494 3352 532 3393 ex
553 3331 610 3395 illo
632 3324 997 3418 flagrantia''declinavit

286 3411 435 3493 Lumina,
459 3434 553 3494 quam
575 3421 688 3480 cuncto
711 3417 858 3498 concepit
873 3437 1005 3498 corpore
1026 3415 1176 3478 flammam

287 3493 442 3558 Funditus
466 3498 559 3578 atque
580 3498 653 3560 imis
676 3500 794 3563 exarsit
813 3502 883 3563 tota
903 3499 1060 3564 medullis.
