2470 4010
194 243 238 310 58
601 244 753 306 1111111
1022 246 1161 319 [111111

211 424 246 474 80
301 411 363 475 Ρ11
383 408 523 474 medium
545 409 663 474 sensim
683 409 799 472 transit
821 409 882 472 iter
902 409 1026 492 populi,

259 494 362 560 Dulce
382 495 497 558 viatori
518 494 603 558 lasso
625 493 661 556 in
682 492 796 556 sudore
818 493 977 576 levamen,

303 578 384 644 Oum
405 577 512 663 gravis
534 579 662 642 exustos
684 579 790 642 aestus
811 575 933 641 hiulcat
953 597 1063 661 agros:

259 663 337 742 Hic,
361 661 449 728 velut
469 662 504 726 in
524 662 619 746 nigro
641 661 766 726 iactatis
787 661 915 725 turbine
936 661 1040 724 nautis

302 747 419 812 Lenius
442 746 585 830 aspirans
608 767 684 810 aura
706 745 844 810 secunda
864 745 953 810 venit

209 831 324 896 calam
368 852 440 896 rece
461 829 600 895 Pollucis
639 830 703 893 iam
725 828 866 894 Castoris
889 829 1062 913 inplorata,

303 916 330 980 T
364 937 381 980 1
402 915 463 980 fuit
485 914 578 978 nobis
601 879 727 978 11111111
750 913 909 978 auxilium.

259 1000 292 1066 Is
315 1000 437 1064 clusum
459 999 524 1062 lato
545 997 697 1084 patefecit
717 999 819 1062 limite
842 1019 911 1062 cam
935 1020 1004 1079 um,

302 1083 397 1168 Isque
419 1082 549 1147 domum
569 1083 663 1147 nobis
685 1082 774 1166 isque
797 1081 885 1146 dedit
906 1019 1083 1166 dominam,

259 1168 313 1234 Ad
335 1190 429 1252 quam
451 1189 633 1232 communes
656 1187 871 1232 exerceremus
893 1187 1026 1230 amores.

210 1267 245 1317 10
301 1252 370 1328 Quo
392 1273 464 1316 mea
485 1273 519 1316 se
540 1251 631 1316 molli
652 1250 786 1315 candida
808 1250 879 1314 diva
900 1251 981 1334 pede

259 1337 374 1402 Intulit
394 1335 523 1402 attrito
545 1336 722 1420 fulgentem
743 1335 778 1400 in
799 1334 909 1398 limine
931 1335 1079 1417 plantam·

301 1421 416 1485 Innixa
438 1422 551 1505 arguta
572 1420 741 1484 constituit
761 1419 863 1503 solea,

261 1505 415 1589 Coniugis
438 1508 476 1568 ut
496 1503 657 1588 quondam
677 1504 817 1588 flagrans
840 1503 968 1568 advenit
989 1524 1098 1568 amore

301 1589 528 1654 Protesilaeam
548 1588 721 1653 Laudamia
742 1587 871 1652 domurn

209 1687 244 1738 '15
258 1674 424 1757 inceptam
445 1673 578 1755 frustra,
600 1672 744 1736 nondum
766 1694 838 1737 cum
860 1671 1015 1756 sanguine
1037 1693 1130 1738 sacro

301 1758 417 1823 Hostia
440 1757 584 1823 caelestis
606 1757 804 1840 pacificasset
825 1778 905 1820 eros.

259 1843 318 1910 Nil
337 1841 417 1908 mihi
438 1845 505 1906 tam
526 1841 618 1906 valde
639 1841 778 1924 placeat,
801 1839 1000 1904 Rhamnusia
1021 1839 1130 1924 virgo,

304 1928 396 2004 Quod
417 1931 535 1991 temere
557 1925 666 1990 invitis
689 1925 878 2009 suscipiatur
900 1924 971 1990 cris.

260 2012 362 2089 Quam
383 2011 489 2075 ieiuna
509 2010 598 2094 pium
620 2008 776 2074 desideret
797 2031 851 2072 ara
873 2029 1032 2092 cruorem,

210 2107 245 2160 80
300 2095 436 2158 Doctast
456 2095 573 2160 amisso
595 2093 769 2158 Laudamia
790 2094 872 2176 viro,

260 2178 413 2262 Coniugis
436 2181 509 2242 ante
532 2181 642 2242 coacta
662 2179 739 2242 novi
761 2178 919 2242 dimittere
940 2177 1074 2260 collum,

302 2262 404 2338 Quam
426 2263 556 2326 veniens
578 2284 641 2326 una
663 2266 757 2346 atque
779 2263 877 2326 altera
897 2283 1006 2326 narsus
1034 2261 1165 2347 hiemps

240 2346 417 2412 'Noctibus
438 2345 474 2409 in
494 2346 601 2430 longis
623 2347 750 2412 avidum
772 2348 944 2410 saturasset
965 2367 1125 2428 amorem,

303 2429 417 2495 Posset
437 2433 474 2493 ut
495 2431 630 2514 abrupto
652 2431 757 2495 111111
779 2429 945 2515 coniugio,

208 2527 243 2580 85
259 2515 351 2592 Quod
373 2514 493 2580 scirant
513 2513 631 2578 Parcae
653 2536 720 2579 non
741 2515 839 2599 longo
862 2518 1005 2598 tempore
1034 2513 1165 2599 adesse,

302 2599 336 2664 Si
357 2599 449 2664 miles
471 2619 579 2664 muros
600 2601 679 2664 isset
699 2599 740 2662 ad
760 2598 890 2664 Iliacos:

258 2683 344 2752 Nam
364 2687 434 2748 tum
455 2683 597 2748 Helenae
618 2686 713 2766 raptu
733 2683 888 2766 primores
910 2681 1108 2768 Argivorum

303 2768 461 2852 Coeperat
483 2768 523 2831 ad
545 2789 614 2832 sese
636 2767 731 2831 Troia
753 2768 834 2832 ciere
856 2767 954 2849 viros,

258 2853 354 2920 Troia
382 2852 498 2940 (nefas)
529 2871 696 2916 commune
727 2852 906 2935 sepulcrum
932 2850 1031 2916 Asiae
1058 2849 1164 2916 Euro-

208 3034 244 3084 90
299 3021 395 3087 Troia
416 3021 519 3087 virum
542 3022 575 3085 11
595 3020 748 3084 virtutum
763 2957 1041 3116 onidiedlddendcerba
1063 3019 1165 3116 111111,
1232 3065 1233 3100 ;

259 3103 387 3179 Quaene
409 3107 506 3169 etiam
527 3108 638 3170 nostro
660 3104 759 3167 letum
782 3103 961 3168 miserabile
983 3103 1075 3168 fratri
1232 3103 1233 3120 ¹

300 3189 428 3253 Attulit.
459 3190 488 3252 11
509 3191 626 3253 misero
649 3188 746 3253 frater
768 3188 914 3272 adempte
935 3187 1031 3268 mihi,
1091 3211 1095 3216 ·

257 3269 300 3336 Ei
320 3272 436 3335 misero
458 3271 552 3335 fratri
572 3272 743 3338 iocundum
764 3272 873 3336 lumen
894 3271 1094 3355 ademptum,

300 3354 420 3418 Tecum
439 3375 504 3418 una
524 3358 624 3419 totast
644 3359 754 3420 nostra
775 3357 900 3440 sepulta
922 3357 1050 3438 domus,

207 3437 375 3504 1501111111
395 3439 501 3499 tecum
522 3459 585 3502 una
605 3440 768 3522 perierunt
811 3440 904 3504 audia
923 3442 1052 3523 nostra,

303 3519 389 3595 Quae
411 3521 483 3584 tuos
505 3520 540 3614 in
561 3521 627 3586 vita
649 3522 749 3586 dulcis
771 3462 879 3590 1111111
899 3546 997 3589 amor.
