2468 4036
47 274 91 342 L]
357 330 358 333 Ἴ
455 269 563 325 LIBER
583 270 647 330 1111.
990 267 1034 332 49

47 434 134 498 Nec
156 433 224 496 fera
245 430 389 496 Theraeo
408 432 505 496 tellus
528 433 658 498 obsessa
678 434 809 517 colono,

48 518 89 582 N
91 539 134 580 ec
157 537 221 598 qua
241 516 292 580 vel
313 515 407 580 Nilus
429 517 480 580 vel
500 518 589 602 regia
610 517 741 601 lympha
762 518 925 603 Choaspes
984 533 1033 581 140

49 596 278 666 Profluit'aut
298 600 443 747 rapidus,
466 599 542 684 Cyri
565 600 739 684 dementia,
762 601 893 686 Gyndes

49 687 146 750 Aret
167 683 312 748 Α1001010
357 687 414 748 aut
434 705 499 748 una
520 707 577 768 per
599 687 682 766 ostia
703 708 772 750 cam
796 689 838 769 is,

50 770 134 834 Nec
157 789 221 852 qua
240 788 341 852 regna
362 789 445 853 vago
468 769 613 852 Tamyris
635 770 738 834 finivit
807 793 879 854 axe,

50 853 160 936 Inpia
180 873 241 917 nec
263 852 366 916 saeris
377 853 551 917 celebrans
574 855 719 918 convivia
739 855 857 920 mensis

51 937 188 1000 Vltima
209 936 332 1001 ricinus
354 936 485 1000 Phoebo
508 941 597 1002 tenet
618 959 694 1003 arva
715 939 874 1006 Padaeus:
984 954 1031 1002 115

54 1021 198 1104 Quaque
219 1019 346 1086 Hebrus
368 1019 547 1105 Tanaisque
568 1022 665 1087 Getas
686 1025 771 1109 rigat
792 1027 886 1108 atque
900 1023 967 1088 Ma·

741 1128 786 1173 os.

55 1189 150 1266 Quid
165 1189 292 1254 moror?
316 1188 461 1255 Oceanus
475 1195 576 1276 ponto
599 1213 661 1275 qua
672 1128 820 1257 {alienet
842 1193 967 1275 orbem,

54 1274 164 1340 Nulla
185 1274 245 1337 tibi
266 1274 406 1338 adversis
427 1275 517 1360 regio
540 1295 609 1340 sese
632 1277 745 1342 offeret
765 1277 871 1342 armis.

56 1359 109 1422 Te
132 1361 241 1421 manet
261 1359 399 1422 invictus
420 1357 566 1424 Romano
588 1360 691 1425 Marte
712 1360 888 1426 Britannus

57 1443 174 1524 Teque
195 1443 361 1506 interiecto
384 1443 495 1506 mundi
516 1465 591 1527 pars
614 1444 713 1508 altera
735 1447 811 1509 sole.
982 1459 1032 1507 150

57 1527 151 1591 Nam
172 1526 362 1590 0110011110οο
386 1527 526 1592 considit
545 1528 582 1590 in
600 1549 675 1592 aere
695 1529 792 1592 tellus

57 1612 108 1675 Et
131 1610 271 1693 quinque
292 1611 326 1674 in
348 1615 455 1694 partes
476 1614 546 1675 tcto
569 1612 749 1695 disponitur
770 1613 855 1677 orbe.

58 1697 173 1777 Atque
195 1694 274 1758 duae
296 1695 403 1780 gelido
425 1698 590 1758 vastantur
611 1697 732 1780 frigore
754 1717 894 1780 semper:

59 1780 137 1844 Illic
160 1781 192 1842 et
214 1778 313 1842 densa
333 1779 428 1843 tellus
450 1779 804 1863 absconditmumbra,

59 1864 109 1927 Et
129 1863 220 1926 nulla
240 1863 362 1927 incerto
384 1863 560 1946 perlabitur
581 1863 667 1927 unda
688 1864 826 1947 liquore,
982 1879 1029 1927 155

61 1947 128 2012 Sed
151 1945 262 2010 durata
276 1948 360 2032 riget
375 1947 506 2011 densam
520 1948 554 2010 in
568 1949 768 2032 glaciemque
782 1949 966 2032 niuemque,

62 2032 191 2114 Quippe
204 2032 261 2095 ubi
274 2052 340 2095 non
354 2051 504 2116 umquam
519 2031 615 2101 Titan
626 2054 724 2118 super
745 2034 848 2118 egerit
867 2038 965 2098 ortus.

65 2118 113 2180 At
133 2115 268 2179 mediaei
290 2115 412 2180 Phoebi
434 2137 558 2200 semper
579 2117 723 2180 subiecta
745 2118 858 2200 calori,

64 2201 130 2266 Seu
151 2200 282 2285 propior
303 2200 397 2263 terris
419 2202 574 2265 aestivum
592 2201 694 2264 fertur
715 2201 751 2264 in
772 2202 882 2266 orbem

64 2285 129 2349 Seu
152 2283 235 2348 celer
255 2283 404 2348 hibernas
427 2289 577 2368 properat
598 2285 763 2350 decurrere
783 2287 887 2352 luces:
982 2301 1031 2348 roo

63 2369 143 2433 Non
164 2368 263 2452 igitur
283 2389 393 2452 presso
416 2369 511 2433 tellus
534 2371 660 2455 exurgit
680 2374 785 2434 aratro

64 2453 135 2518 Neo
156 2453 281 2536 frugem
303 2455 428 2538 segetes
472 2453 604 2518 raebent
624 2476 684 2519 nec
705 2420 821 2538 pabula
841 2459 959 2520 terrae:

64 2537 142 2600 Non
163 2536 229 2600 illic
251 2537 329 2601 colit
350 2559 425 2602 srva
447 2475 539 2621 deus,
561 2538 745 2603 Bacchusue
768 2537 918 2622 Ceresue,

65 2619 165 2686 Nulla
184 2641 245 2684 nec
267 2625 393 2685 exustas
415 2621 563 2686 habitant
584 2623 734 2686 animalia
754 2626 871 2705 partes.

66 2704 194 2770 Fertilis
215 2704 298 2770 hane
319 2706 404 2770 inter
423 2707 561 2790 positast
583 2708 728 2789 interque
750 2706 890 2792 rigentes
982 2720 1029 2767 100

66 2787 248 2872 Nostraque
270 2794 303 2854 et
315 2789 390 2854 huic
404 2791 535 2855 adversa
550 2791 619 2854 solo
636 2810 710 2874 pars
725 2791 825 2854 altera
839 2793 965 2872 nostro,

67 2873 151 2948 Quas
173 2873 293 2938 similes
315 2875 473 2958 utrimque
493 2878 608 2939 tensum
630 2875 748 2938 vicinia
771 2874 851 2938 caeli

68 2957 250 3041 Temperat,
274 2959 355 3022 alter
376 2963 409 3024 et
430 2960 561 3023 alterius
583 2960 666 3023 vires
686 2960 782 3022 necat
802 2979 870 3023 aar:

68 3040 151 3106 Hinc
171 3041 316 3126 placidus
338 3043 431 3107 nobis
453 3064 510 3126 per
531 3045 676 3126 tempora
696 3043 830 3108 10111101
854 3063 966 3108 annus.

70 3125 128 3190 Hic
150 3129 183 3190 et
205 3127 288 3190 oolla
309 3128 385 3212 iugo
409 3127 519 3191 didicit
541 3127 726 3191 submittere
746 3130 855 3192 taurus
981 3139 1032 3188 110

71 3209 110 3273 111
130 3210 218 3274 lenta
240 3212 382 3276 excelsos
404 3213 478 3275 vitis
501 3211 712 3276 conscendere
733 3233 853 3295 ramos,

11 3343 12 3348 1
70 3293 292 3378 Tondeturquc
315 3317 406 3380 seges
428 3298 569 3360 maturos
592 3317 698 3360 annua
718 3301 842 3379 partus,

11 3497 13 3556 l

11 3619 13 3706 l

72 3377 109 3441 111
128 3379 214 3443 ferro
237 3380 347 3462 tellus,
371 3384 489 3463 pontus
512 3379 706 3444 confinditur
727 3402 813 3463 aere,

70 3461 148 3535 Quin
171 3464 267 3527 etiam
290 3465 420 3528 structis
443 3466 601 3548 exurgrmt
622 3464 740 3547 oppida
762 3464 872 3528 muris.

71 3543 151 3630 Ergo
174 3548 230 3611 ubi
252 3570 309 3631 per
331 3549 433 3612 claros
455 3548 551 3611 ierint
572 3552 628 3611 tua
646 3549 733 3611 facta
747 3547 943 3631 triumphos,
983 3559 1031 3606 175

115 3649 238 3689 rmum
863 3651 880 3698 4
