2486 4010
64 219 153 292 111]
453 219 561 275 mssa
582 220 644 277 1111.
989 215 1030 280 87

175 382 314 469 Longius
336 383 372 447 in
392 383 512 480 primo,
535 383 640 467 Luna,
663 406 787 449 morare
808 389 896 450 toro:
998 396 1032 446 11

128 468 182 532 Τ1
216 489 329 552 11111,
346 489 401 552 qur
415 469 552 532 aestivos
569 469 740 552 spatiosius
756 470 856 554 exigis
872 471 973 556 ignee,
998 480 1030 530 11

174 490 317 634 Ploebe,
340 556 520 617 moraturae
541 551 694 618 contrahe
716 553 796 617 lucis
819 555 889 618 iter.
998 567 1030 615 11

98 651 116 698 1
132 636 274 702 Foedera
295 639 372 700 sunt
391 637 541 722 ponenda
553 638 642 721 prius
658 637 876 723 signandaque
892 639 961 702 iura
998 650 1030 698 15

172 721 215 785 Ilt
236 721 406 786 scribenda
426 721 508 786 mihi
528 722 580 786 lex
601 723 636 786 in
658 744 765 786 amore
786 743 880 786 novo.

128 804 217 870 Haec
232 806 336 869 Amor
348 806 418 889 ipse
433 828 491 872 suo
507 807 708 892 constringet
720 808 855 892 pignera
877 807 987 892 signo:

171 890 276 955 Testis
298 889 438 955 sidereae
458 893 529 955 1111
551 912 670 956 111111
692 892 778 956 deae.

131 974 231 1050 Quam
243 975 362 1040 multae
374 979 447 1040 ante
459 976 538 1040 meis
551 975 664 1040 cedent
675 976 874 1041 sermonibus
886 974 994 1059 horae,

79 1072 114 1121 ιο
171 1059 286 1124 Dulcia
307 1080 402 1142 quam
423 1060 517 1124 nobis
540 1061 679 1124 concitet
705 1083 794 1125 arma
814 1058 939 1124 Venus!
996 1071 1032 1122 20

130 1143 276 1228 Namque
298 1143 354 1207 ubi
373 1165 441 1209 non
463 1147 551 1208 11111
567 1145 706 1209 vincitur
720 1145 848 1210 foedere
870 1144 988 1228 lectus,

171 1227 249 1295 Non
269 1227 367 1292 habet
386 1229 508 1294 ultores
530 1251 594 1293 nox
616 1229 779 1315 vigilanda
801 1230 892 1313 deos,

130 1312 174 1378 Et
194 1312 310 1396 quibus
330 1313 487 1398 inposuit,
511 1313 606 1378 solvit
627 1335 703 1380 mox
724 1316 829 1380 vincla
850 1313 966 1379 libido:

172 1396 369 1462 0111111111
388 1397 482 1462 nobis
505 1398 612 1462 omina
633 1400 737 1483 prima
758 1400 861 1464 fidem.

81 1495 114 1543 15
128 1481 233 1631 Ergo,
256 1481 310 1565 qui
331 1486 441 1566 pactas
463 1482 499 1546 in
519 1483 647 1546 foedera
667 1484 791 1566 ruperit
812 1504 896 1566 aras,
997 1493 1033 1544 11

200 1566 389 1650 ollueritque
410 1587 494 1631 novo
516 1588 607 1631 sacra
628 1567 744 1630 marita
763 1569 851 1648 toro,

130 1650 184 1716 Illi
206 1651 272 1717 sint
293 1651 483 1735 quicumque
504 1651 610 1715 solent
630 1651 665 1714 in
687 1671 793 1714 amore
815 1650 956 1733 dolores,

172 1735 218 1800 Et
239 1738 336 1818 eaput
357 1739 488 1821 argutae
510 1735 661 1819 praebeat
680 1734 847 1818 historiae,

130 1820 201 1886 Nec
221 1820 312 1884 flenti
334 1820 481 1884 dominae
502 1820 657 1903 patefiant
677 1822 772 1883 11111
793 1819 967 1883 fenestrae:

80 1918 115 1968 20
172 1904 305 1988 Semper
326 1907 425 1988 amet,
447 1904 555 1968 fructu
576 1925 702 1988 semper
723 1903 839 1969 amoris
862 1923 969 1987 egens.
997 1914 1033 1965 11

504 2118 591 2192 XXI

130 2242 167 2308 M
206 2281 207 2284 =
231 2263 287 2307 um
301 2242 362 2307 iter
376 2241 416 2306 ad
431 2242 540 2307 doctas
555 2241 714 2326 proficisci
729 2263 828 2327 cogor
841 2241 1003 2326 Athones,
1089 2233 1125 2308 l(

205 2330 293 2392 1111
313 2328 413 2412 longa
433 2327 524 2424 gravi
546 2327 650 2391 solvat
671 2347 778 2392 amore
800 2327 861 2392 via.

132 2409 258 2478 Crescit
279 2411 364 2476 enim
385 2411 516 2476 adsidue
538 2412 696 2495 spectanti
718 2434 793 2476 eura
813 2413 954 2496 puellae:

175 2495 249 2580 Ipse
271 2495 424 2560 alimenta
445 2496 506 2560 sibi
527 2496 667 2561 maxima
687 2497 820 2580 praebet
841 2516 939 2560 amor.

101 2581 254 2646 somnia
274 2583 350 2645 sunt
370 2583 527 2665 temptata
546 2581 641 2665 mihi,
668 2601 863 2663 quacumque
884 2578 992 2663 fugari

177 2665 298 2730 Possit:
320 2667 355 2729 at
376 2687 414 2728 ex
436 2665 524 2729 omni
545 2685 597 2727 me
618 2663 737 2748 premit
757 2663 818 2725 iste
840 2662 926 2726 deus

132 2748 198 2814 Vix
211 2753 321 2814 tamen
335 2751 391 2813 aut
406 2748 504 2813 semel
519 2747 675 2831 admittit,
697 2769 769 2811 cum
785 2767 877 2828 saepe
892 2745 1034 2830 negarit:

177 2833 240 2898 Seu
260 2834 362 2916 venit,
386 2837 526 2898 11111111
549 2832 668 2897 dormit
688 2831 805 2895 amicta
827 2834 906 2894 toro.

132 2917 244 2983 Vnum
265 2919 327 2983 crit
347 2919 515 2982 auxilium:
542 2917 672 2981 mutatis
696 2914 834 2999 Cynthia
855 2913 949 2977 terris

84 3018 118 3068 10
175 3002 337 3078 Quantum
359 3003 474 3086 oculis,
504 3002 610 3066 animo
632 3004 699 3064 tam
721 3000 833 3083 procul
853 2997 914 3062 ibit
935 3017 1034 3063 amor.

133 3086 230 3152 Nunc
244 3087 345 3172 agite,
361 3108 381 3152 o
396 3087 488 3169 socii,
502 3085 672 3170 propellite
685 3085 720 3148 in
735 3105 872 3167 aequora
885 3082 1007 3166 navim,

176 3171 412 3255 Remorumque
433 3193 525 3255 pares
547 3171 652 3234 ducite
675 3171 760 3232 sorte
782 3167 882 3252 vices,

135 3254 263 3341 Iungite
285 3277 325 3320 ue
348 3258 488 3320 extremo
510 3255 617 3319 felicia
638 3254 737 3317 lintea
758 3253 858 3318 malo:

177 3340 246 3405 lam
265 3278 424 3424 liquidum
445 3340 551 3405 nautis
573 3361 651 3403 aura
673 3338 824 3403 secundat
845 3338 916 3403 iter.

87 3439 119 3490 11
134 3424 299 3489 Romanae
320 3428 424 3490 tumes
448 3430 480 3488 et
500 3445 557 3490 vos
579 3422 711 3488 valeatis
734 3423 841 3504 amici,

178 3509 424 3593 Qualiscumque
446 3509 525 3574 mihi
546 3512 644 3594 tuque
665 3510 772 3594 puella
792 3507 872 3571 vale.
