<?xml version="1.0" encoding="UTF-8"?>
<!DOCTYPE html PUBLIC "-//W3C//DTD XHTML 1.0 Transitional//EN"
    "http://www.w3.org/TR/xhtml1/DTD/xhtml1-transitional.dtd">
<html xmlns="http://www.w3.org/1999/xhtml" xml:lang="en" lang="en">
 <head>
  <title>
</title>
<meta http-equiv="Content-Type" content="text/html;charset=utf-8" />
  <meta name='ocr-system' content='tesseract 3.04.00' />
  <meta name='ocr-capabilities' content='ocr_page ocr_carea ocr_par ocr_line ocrx_word'/>
</head>
<body>
  <div class='ocr_page' id='page_1' title='image "./catvllitibvllip00priagoog_0182.png"; bbox 0 0 2492 4022; ppageno 0'>
   <div class='ocr_carea' id='block_1_1' title="bbox 187 227 833 296">
    <p class='ocr_par' dir='ltr' id='par_1_1' title="bbox 187 227 833 296">
     <span class='ocr_line' id='line_1_1' title="bbox 187 227 833 296; baseline -0.003 -11"><span class='ocrx_word' id='word_1_1' title='bbox 187 229 230 296; x_wconf 83' lang='lat'>88</span> <span class='ocrx_word' id='word_1_2' title='bbox 498 229 527 286; x_wconf 93' lang='lat' dir='ltr'>C.</span> <span class='ocrx_word' id='word_1_3' title='bbox 548 229 674 284; x_wconf 75' lang='lat' dir='ltr'><strong>HELVII</strong></span> <span class='ocrx_word' id='word_1_4' title='bbox 696 227 833 288; x_wconf 76' lang='lat' dir='ltr'>ClNNAB</span> 
     </span>
    </p>
   </div>
   <div class='ocr_carea' id='block_1_2' title="bbox 241 391 999 476">
    <p class='ocr_par' dir='ltr' id='par_1_2' title="bbox 241 391 999 476">
     <span class='ocr_line' id='line_1_2' title="bbox 241 391 999 476; baseline -0.003 -18"><span class='ocrx_word' id='word_1_5' title='bbox 241 410 266 458; x_wconf 80' lang='lat'>5.</span> <span class='ocrx_word' id='word_1_6' title='bbox 297 455 318 470; x_wconf 71' lang='grc'><strong>,</strong></span> <span class='ocrx_word' id='word_1_7' title='bbox 336 447 354 466; x_wconf 52' lang='grc' dir='ltr'><em>υ</em></span> <span class='ocrx_word' id='word_1_8' title='bbox 371 445 389 464; x_wconf 47' lang='grc' dir='ltr'><strong>υ</strong></span> <span class='ocrx_word' id='word_1_9' title='bbox 406 454 425 464; x_wconf 84' lang='grc'><em>,</em></span> <span class='ocrx_word' id='word_1_10' title='bbox 450 394 582 458; x_wconf 88' lang='lat' dir='ltr'>miseras</span> <span class='ocrx_word' id='word_1_11' title='bbox 605 391 700 456; x_wconf 89' lang='lat' dir='ltr'>audet</span> <span class='ocrx_word' id='word_1_12' title='bbox 719 393 846 476; x_wconf 82' lang='lat' dir='ltr'>galeere</span> <span class='ocrx_word' id='word_1_13' title='bbox 867 391 999 476; x_wconf 82' lang='lat' dir='ltr'>puellas.</span> 
     </span>
    </p>
   </div>
   <div class='ocr_carea' id='block_1_3' title="bbox 187 491 1175 635">
    <p class='ocr_par' dir='ltr' id='par_1_3' title="bbox 187 491 1175 635">
     <span class='ocr_line' id='line_1_3' title="bbox 238 491 1175 565; baseline 0 -16"><span class='ocrx_word' id='word_1_14' title='bbox 238 495 345 550; x_wconf 88' lang='lat' dir='ltr'>Nonius</span> <span class='ocrx_word' id='word_1_15' title='bbox 362 512 409 564; x_wconf 85' lang='lat' dir='ltr'>pg.</span> <span class='ocrx_word' id='word_1_16' title='bbox 421 501 454 549; x_wconf 78' lang='grc'>87</span> <span class='ocrx_word' id='word_1_17' title='bbox 473 512 494 547; x_wconf 87' lang='lat' dir='ltr'>s.</span> <span class='ocrx_word' id='word_1_18' title='bbox 511 511 538 546; x_wconf 82' lang='lat' dir='ltr'>v.</span> <span class='ocrx_word' id='word_1_19' title='bbox 558 492 674 562; x_wconf 86' lang='lat' dir='ltr'>clipeat:</span> <span class='ocrx_word' id='word_1_20' title='bbox 691 491 734 546; x_wconf 86' lang='lat' dir='ltr'>ita</span> <span class='ocrx_word' id='word_1_21' title='bbox 751 492 781 546; x_wconf 87' lang='lat' dir='ltr'>et</span> <span class='ocrx_word' id='word_1_22' title='bbox 796 491 918 560; x_wconf 81' lang='lat' dir='ltr'>galeure.</span> <span class='ocrx_word' id='word_1_23' title='bbox 943 491 1031 548; x_wconf 81' lang='lat' dir='ltr'>Cinna</span> <span class='ocrx_word' id='word_1_24' title='bbox 1048 493 1084 548; x_wconf 87' lang='lat' dir='ltr'>in</span> <span class='ocrx_word' id='word_1_25' title='bbox 1104 495 1175 565; x_wconf 86' lang='lat' dir='ltr'>epi·</span> 
     </span>
     <span class='ocr_line' id='line_1_4' title="bbox 187 564 480 635; baseline -0.014 -17"><span class='ocrx_word' id='word_1_26' title='bbox 187 564 353 635; x_wconf 80' lang='lat' dir='ltr'>grammatis</span> <span class='ocrx_word' id='word_1_27' title='bbox 371 580 394 616; x_wconf 90' lang='lat' dir='ltr'>e.</span> <span class='ocrx_word' id='word_1_28' title='bbox 412 579 439 628; x_wconf 90' lang='lat' dir='ltr'>q.</span> <span class='ocrx_word' id='word_1_29' title='bbox 459 579 480 615; x_wconf 94' lang='lat' dir='ltr'>s.</span> 
     </span>
    </p>
   </div>
   <div class='ocr_carea' id='block_1_4' title="bbox 187 663 1171 1040">
    <p class='ocr_par' dir='ltr' id='par_1_4' title="bbox 242 663 647 750">
     <span class='ocr_line' id='line_1_5' title="bbox 242 663 647 750; baseline -0.005 -22"><span class='ocrx_word' id='word_1_30' title='bbox 242 681 267 728; x_wconf 85' lang='lat'>6.</span> <span class='ocrx_word' id='word_1_31' title='bbox 298 665 481 750; x_wconf 71' lang='lat' dir='ltr'><strong>Alpinaque</strong></span> <span class='ocrx_word' id='word_1_32' title='bbox 505 663 647 727; x_wconf 77' lang='lat' dir='ltr'>cummis</span> 
     </span>
    </p>

    <p class='ocr_par' dir='ltr' id='par_1_5' title="bbox 187 761 1171 1040">
     <span class='ocr_line' id='line_1_6' title="bbox 238 761 1171 832; baseline -0.001 -11"><span class='ocrx_word' id='word_1_33' title='bbox 238 766 345 821; x_wconf 86' lang='lat' dir='ltr'>Nouius</span> <span class='ocrx_word' id='word_1_34' title='bbox 364 771 421 819; x_wconf 80' lang='lat'>202.</span> <span class='ocrx_word' id='word_1_35' title='bbox 449 763 552 816; x_wconf 90' lang='lat' dir='ltr'>cummi</span> <span class='ocrx_word' id='word_1_36' title='bbox 573 761 684 831; x_wconf 86' lang='lat' dir='ltr'>generis</span> <span class='ocrx_word' id='word_1_37' title='bbox 701 763 807 829; x_wconf 90' lang='lat' dir='ltr'>nentri,</span> <span class='ocrx_word' id='word_1_38' title='bbox 828 763 860 816; x_wconf 95' lang='lat' dir='ltr'>ut</span> <span class='ocrx_word' id='word_1_39' title='bbox 878 764 920 816; x_wconf 87' lang='lat' dir='ltr'>est</span> <span class='ocrx_word' id='word_1_40' title='bbox 937 780 989 817; x_wconf 90' lang='lat' dir='ltr'>usu</span> <span class='ocrx_word' id='word_1_41' title='bbox 1005 767 1171 832; x_wconf 84' lang='lat' dir='ltr'>monopte-</span> 
     </span>
     <span class='ocr_line' id='line_1_7' title="bbox 188 829 1170 900; baseline -0.003 -12"><span class='ocrx_word' id='word_1_42' title='bbox 188 835 251 900; x_wconf 87' lang='lat' dir='ltr'>ton;</span> <span class='ocrx_word' id='word_1_43' title='bbox 269 837 365 888; x_wconf 88' lang='lat' dir='ltr'>tamen</span> <span class='ocrx_word' id='word_1_44' title='bbox 382 831 509 885; x_wconf 86' lang='lat' dir='ltr'>feminini</span> <span class='ocrx_word' id='word_1_45' title='bbox 528 831 615 885; x_wconf 86' lang='lat' dir='ltr'>Cinna</span> <span class='ocrx_word' id='word_1_46' title='bbox 632 829 792 897; x_wconf 78' lang='lat' dir='ltr'><strong>Alpinaque</strong></span> <span class='ocrx_word' id='word_1_47' title='bbox 810 831 914 884; x_wconf 81' lang='lat' dir='ltr'>cummi</span> <span class='ocrx_word' id='word_1_48' title='bbox 932 835 1013 895; x_wconf 87' lang='lat' dir='ltr'>(corr.</span> <span class='ocrx_word' id='word_1_49' title='bbox 1030 831 1093 885; x_wconf 87' lang='lat' dir='ltr'>Leo</span> <span class='ocrx_word' id='word_1_50' title='bbox 1118 849 1170 886; x_wconf 83' lang='lat' dir='ltr'>ur-</span> 
     </span>
     <span class='ocr_line' id='line_1_8' title="bbox 187 851 1169 1040; baseline -0.001 -86"><span class='ocrx_word' id='word_1_51' title='bbox 187 903 315 1040; x_wconf 44' lang='lat' dir='ltr'>{iiiiii</span> <span class='ocrx_word' id='word_1_52' title='bbox 332 901 369 954; x_wconf 91' lang='lat' dir='ltr'>sit</span> <span class='ocrx_word' id='word_1_53' title='bbox 386 899 534 968; x_wconf 76' lang='lat' dir='ltr'>genetivus</span> <span class='ocrx_word' id='word_1_54' title='bbox 552 898 611 953; x_wconf 89' lang='lat' dir='ltr'>eius</span> <span class='ocrx_word' id='word_1_55' title='bbox 628 897 711 951; x_wconf 88' lang='lat' dir='ltr'>huius</span> <span class='ocrx_word' id='word_1_56' title='bbox 728 897 855 965; x_wconf 86' lang='lat' dir='ltr'>cummis,</span> <span class='ocrx_word' id='word_1_57' title='bbox 875 899 908 951; x_wconf 87' lang='lat' dir='ltr'>ut</span> <span class='ocrx_word' id='word_1_58' title='bbox 924 895 1040 967; x_wconf 85' lang='lat' dir='ltr'>puppis,</span> <span class='ocrx_word' id='word_1_59' title='bbox 1059 851 1169 1008; x_wconf 53' lang='lat' dir='ltr'>seguis,</span> 
     </span>
    </p>
   </div>
   <div class='ocr_carea' id='block_1_5' title="bbox 243 1067 1130 1154">
    <p class='ocr_par' dir='ltr' id='par_1_6' title="bbox 243 1067 1130 1154">
     <span class='ocr_line' id='line_1_9' title="bbox 243 1067 1130 1154; baseline 0 -20"><span class='ocrx_word' id='word_1_60' title='bbox 243 1085 266 1134; x_wconf 77' lang='lat'>7.</span> <span class='ocrx_word' id='word_1_61' title='bbox 300 1073 394 1154; x_wconf 84' lang='lat' dir='ltr'>etque</span> <span class='ocrx_word' id='word_1_62' title='bbox 415 1068 540 1132; x_wconf 86' lang='lat' dir='ltr'>imitata</span> <span class='ocrx_word' id='word_1_63' title='bbox 560 1067 650 1132; x_wconf 86' lang='lat' dir='ltr'>nives</span> <span class='ocrx_word' id='word_1_64' title='bbox 672 1068 782 1132; x_wconf 90' lang='lat' dir='ltr'>lucens</span> <span class='ocrx_word' id='word_1_65' title='bbox 804 1067 922 1152; x_wconf 80' lang='lat' dir='ltr'>legitur</span> <span class='ocrx_word' id='word_1_66' title='bbox 944 1068 1130 1150; x_wconf 73' lang='lat' dir='ltr'>crystallus</span> 
     </span>
    </p>
   </div>
   <div class='ocr_carea' id='block_1_6' title="bbox 189 1167 1168 1306">
    <p class='ocr_par' dir='ltr' id='par_1_7' title="bbox 189 1167 1168 1306">
     <span class='ocr_line' id='line_1_10' title="bbox 241 1167 1168 1246; baseline -0.004 -20"><span class='ocrx_word' id='word_1_67' title='bbox 241 1170 333 1226; x_wconf 84' lang='lat' dir='ltr'>Schol.</span> <span class='ocrx_word' id='word_1_68' title='bbox 353 1169 413 1223; x_wconf 86' lang='lat' dir='ltr'>Iuv.</span> <span class='ocrx_word' id='word_1_69' title='bbox 432 1169 468 1222; x_wconf 91' lang='lat' dir='ltr'>ad</span> <span class='ocrx_word' id='word_1_70' title='bbox 486 1175 514 1234; x_wconf 86' lang='lat'>6,</span> <span class='ocrx_word' id='word_1_71' title='bbox 534 1173 582 1222; x_wconf 84' lang='lat'>155</span> <span class='ocrx_word' id='word_1_72' title='bbox 602 1167 662 1246; x_wconf 84' lang='lat' dir='ltr'>[pg.</span> <span class='ocrx_word' id='word_1_73' title='bbox 680 1171 729 1220; x_wconf 75' lang='lat'>244</span> <span class='ocrx_word' id='word_1_74' title='bbox 747 1167 790 1222; x_wconf 91' lang='lat' dir='ltr'>ed.</span> <span class='ocrx_word' id='word_1_75' title='bbox 808 1167 856 1238; x_wconf 85' lang='lat' dir='ltr'>l.]:</span> <span class='ocrx_word' id='word_1_76' title='bbox 875 1167 915 1220; x_wconf 86' lang='lat' dir='ltr'>sic</span> <span class='ocrx_word' id='word_1_77' title='bbox 933 1169 962 1244; x_wconf 81' lang='lat' dir='ltr'>et</span> <span class='ocrx_word' id='word_1_78' title='bbox 979 1167 1069 1222; x_wconf 86' lang='lat' dir='ltr'>Cinna</span> <span class='ocrx_word' id='word_1_79' title='bbox 1089 1169 1168 1223; x_wconf 88' lang='lat' dir='ltr'>dicit</span> 
     </span>
     <span class='ocr_line' id='line_1_11' title="bbox 189 1234 1166 1306; baseline -0.004 -12"><span class='ocrx_word' id='word_1_80' title='bbox 189 1256 212 1294; x_wconf 88' lang='lat' dir='ltr'>e.</span> <span class='ocrx_word' id='word_1_81' title='bbox 231 1256 257 1306; x_wconf 89' lang='lat' dir='ltr'>q.</span> <span class='ocrx_word' id='word_1_82' title='bbox 276 1257 296 1293; x_wconf 88' lang='lat' dir='ltr'>s.</span> <span class='ocrx_word' id='word_1_83' title='bbox 333 1237 463 1292; x_wconf 71' lang='lat' dir='ltr'>‘Lucens’</span> <span class='ocrx_word' id='word_1_84' title='bbox 481 1236 660 1304; x_wconf 80' lang='lat' dir='ltr'>Rutgersrus,</span> <span class='ocrx_word' id='word_1_85' title='bbox 684 1235 804 1288; x_wconf 77' lang='lat' dir='ltr'>‘ludens’</span> <span class='ocrx_word' id='word_1_86' title='bbox 823 1234 900 1303; x_wconf 90' lang='lat' dir='ltr'>cdd,</span> <span class='ocrx_word' id='word_1_87' title='bbox 919 1235 1035 1290; x_wconf 79' lang='lat' dir='ltr'>‘ndens’</span> <span class='ocrx_word' id='word_1_88' title='bbox 1053 1253 1109 1291; x_wconf 89' lang='lat' dir='ltr'>nos</span> <span class='ocrx_word' id='word_1_89' title='bbox 1135 1237 1166 1290; x_wconf 90' lang='lat' dir='ltr'>d.</span> 
     </span>
    </p>
   </div>
   <div class='ocr_carea' id='block_1_7' title="bbox 188 1305 585 1374">
    <p class='ocr_par' dir='ltr' id='par_1_8' title="bbox 188 1305 585 1374">
     <span class='ocr_line' id='line_1_12' title="bbox 188 1305 585 1374; baseline -0.003 -15"><span class='ocrx_word' id='word_1_90' title='bbox 188 1325 210 1360; x_wconf 87' lang='lat' dir='ltr'>r.</span> <span class='ocrx_word' id='word_1_91' title='bbox 227 1325 264 1359; x_wconf 89' lang='lat' dir='ltr'>m.</span> <span class='ocrx_word' id='word_1_92' title='bbox 283 1312 346 1374; x_wconf 84' lang='lat'>143,</span> <span class='ocrx_word' id='word_1_93' title='bbox 364 1305 483 1359; x_wconf 84' lang='lat' dir='ltr'>fortasse</span> <span class='ocrx_word' id='word_1_94' title='bbox 501 1305 585 1358; x_wconf 88' lang='lat' dir='ltr'>reete.</span> 
     </span>
    </p>
   </div>
   <div class='ocr_carea' id='block_1_8' title="bbox 535 1473 807 1538">
    <p class='ocr_par' dir='ltr' id='par_1_9' title="bbox 535 1473 807 1538">
     <span class='ocr_line' id='line_1_13' title="bbox 535 1473 807 1538; baseline -0.004 0"><span class='ocrx_word' id='word_1_95' title='bbox 535 1473 578 1538; x_wconf 91' lang='grc' dir='ltr'>ΙΙ.</span> <span class='ocrx_word' id='word_1_96' title='bbox 614 1473 807 1538; x_wconf 84' lang='lat' dir='ltr'>ZMYBNA.</span> 
     </span>
    </p>
   </div>
   <div class='ocr_carea' id='block_1_9' title="bbox 243 1609 1105 1778">
    <p class='ocr_par' dir='ltr' id='par_1_10' title="bbox 243 1609 1105 1778">
     <span class='ocr_line' id='line_1_14' title="bbox 243 1609 994 1694; baseline 0.003 -22"><span class='ocrx_word' id='word_1_97' title='bbox 243 1623 269 1672; x_wconf 80' lang='lat'>8.</span> <span class='ocrx_word' id='word_1_98' title='bbox 301 1614 333 1674; x_wconf 85' lang='lat' dir='ltr'>te</span> <span class='ocrx_word' id='word_1_99' title='bbox 355 1609 530 1674; x_wconf 88' lang='lat' dir='ltr'>matutinus</span> <span class='ocrx_word' id='word_1_100' title='bbox 552 1609 682 1672; x_wconf 87' lang='lat' dir='ltr'>flentem</span> <span class='ocrx_word' id='word_1_101' title='bbox 705 1609 871 1692; x_wconf 70' lang='lat' dir='ltr'>conspexit</span> <span class='ocrx_word' id='word_1_102' title='bbox 891 1609 994 1694; x_wconf 84' lang='lat' dir='ltr'>Eous,</span> 
     </span>
     <span class='ocr_line' id='line_1_15' title="bbox 295 1693 1105 1778; baseline 0.001 -20"><span class='ocrx_word' id='word_1_103' title='bbox 295 1698 327 1758; x_wconf 90' lang='lat' dir='ltr'>et</span> <span class='ocrx_word' id='word_1_104' title='bbox 348 1695 478 1760; x_wconf 89' lang='lat' dir='ltr'>flentem</span> <span class='ocrx_word' id='word_1_105' title='bbox 498 1693 606 1776; x_wconf 89' lang='lat' dir='ltr'>paullo</span> <span class='ocrx_word' id='word_1_106' title='bbox 629 1693 709 1757; x_wconf 82' lang='lat' dir='ltr'>vidit</span> <span class='ocrx_word' id='word_1_107' title='bbox 730 1695 804 1776; x_wconf 87' lang='lat' dir='ltr'>post</span> <span class='ocrx_word' id='word_1_108' title='bbox 824 1693 986 1778; x_wconf 83' lang='lat' dir='ltr'>Hesperus</span> <span class='ocrx_word' id='word_1_109' title='bbox 1009 1694 1105 1760; x_wconf 89' lang='lat' dir='ltr'>idem.</span> 
     </span>
    </p>
   </div>
   <div class='ocr_carea' id='block_1_10' title="bbox 188 1793 1159 2066">
    <p class='ocr_par' dir='ltr' id='par_1_11' title="bbox 188 1793 1159 2066">
     <span class='ocr_line' id='line_1_16' title="bbox 241 1793 1159 1863; baseline 0.001 -14"><span class='ocrx_word' id='word_1_110' title='bbox 241 1794 354 1849; x_wconf 86' lang='lat' dir='ltr'>Servius</span> <span class='ocrx_word' id='word_1_111' title='bbox 376 1795 412 1848; x_wconf 87' lang='lat' dir='ltr'>ad</span> <span class='ocrx_word' id='word_1_112' title='bbox 437 1810 533 1863; x_wconf 79' lang='lat' dir='ltr'>georg.</span> <span class='ocrx_word' id='word_1_113' title='bbox 551 1794 577 1861; x_wconf 89' lang='lat' dir='ltr'>I,</span> <span class='ocrx_word' id='word_1_114' title='bbox 600 1798 663 1848; x_wconf 80' lang='lat'><strong>288:</strong></span> <span class='ocrx_word' id='word_1_115' title='bbox 682 1793 769 1859; x_wconf 86' lang='lat' dir='ltr'>Eous,</span> <span class='ocrx_word' id='word_1_116' title='bbox 786 1793 817 1846; x_wconf 90' lang='lat' dir='ltr'>id</span> <span class='ocrx_word' id='word_1_117' title='bbox 838 1795 881 1848; x_wconf 87' lang='lat' dir='ltr'>est</span> <span class='ocrx_word' id='word_1_118' title='bbox 897 1794 1020 1861; x_wconf 77' lang='lat' dir='ltr'>Lucifer,</span> <span class='ocrx_word' id='word_1_119' title='bbox 1043 1795 1078 1849; x_wconf 88' lang='lat' dir='ltr'>de</span> <span class='ocrx_word' id='word_1_120' title='bbox 1098 1811 1159 1863; x_wconf 89' lang='lat' dir='ltr'>qno</span> 
     </span>
     <span class='ocr_line' id='line_1_17' title="bbox 189 1861 1157 1930; baseline 0.001 -13"><span class='ocrx_word' id='word_1_121' title='bbox 189 1862 276 1917; x_wconf 86' lang='lat' dir='ltr'>etiam</span> <span class='ocrx_word' id='word_1_122' title='bbox 295 1863 383 1918; x_wconf 81' lang='lat' dir='ltr'>Cinna</span> <span class='ocrx_word' id='word_1_123' title='bbox 399 1862 429 1917; x_wconf 90' lang='lat' dir='ltr'>in</span> <span class='ocrx_word' id='word_1_124' title='bbox 447 1861 566 1930; x_wconf 81' lang='lat' dir='ltr'>Smyrna</span> <span class='ocrx_word' id='word_1_125' title='bbox 588 1861 628 1916; x_wconf 88' lang='lat' dir='ltr'>sie</span> <span class='ocrx_word' id='word_1_126' title='bbox 646 1861 687 1914; x_wconf 86' lang='lat' dir='ltr'>ait</span> <span class='ocrx_word' id='word_1_127' title='bbox 708 1877 776 1928; x_wconf 85' lang='lat' dir='ltr'>eq.</span> <span class='ocrx_word' id='word_1_128' title='bbox 795 1879 816 1914; x_wconf 89' lang='lat' dir='ltr'>s.</span> <span class='ocrx_word' id='word_1_129' title='bbox 850 1862 927 1916; x_wconf 86' lang='lat' dir='ltr'>Haee</span> <span class='ocrx_word' id='word_1_130' title='bbox 947 1863 1075 1916; x_wconf 84' lang='lat' dir='ltr'>imitatus</span> <span class='ocrx_word' id='word_1_131' title='bbox 1094 1880 1157 1918; x_wconf 89' lang='lat' dir='ltr'>esse</span> 
     </span>
     <span class='ocr_line' id='line_1_18' title="bbox 188 1927 1157 2002; baseline 0.002 -18"><span class='ocrx_word' id='word_1_132' title='bbox 188 1931 302 1984; x_wconf 88' lang='lat' dir='ltr'>videtur</span> <span class='ocrx_word' id='word_1_133' title='bbox 324 1938 423 1986; x_wconf 85' lang='lat' dir='ltr'>auctor</span> <span class='ocrx_word' id='word_1_134' title='bbox 445 1931 479 1984; x_wconf 92' lang='lat' dir='ltr'>de</span> <span class='ocrx_word' id='word_1_135' title='bbox 502 1929 571 1984; x_wconf 88' lang='lat' dir='ltr'>rosis</span> <span class='ocrx_word' id='word_1_136' title='bbox 597 1927 705 1998; x_wconf 86' lang='lat' dir='ltr'>[Meyer</span> <span class='ocrx_word' id='word_1_137' title='bbox 726 1929 803 1982; x_wconf 87' lang='lat' dir='ltr'>anth.</span> <span class='ocrx_word' id='word_1_138' title='bbox 826 1929 875 1983; x_wconf 86' lang='lat' dir='ltr'>lat.</span> <span class='ocrx_word' id='word_1_139' title='bbox 898 1931 975 2002; x_wconf 78' lang='lat'>1023]</span> <span class='ocrx_word' id='word_1_140' title='bbox 998 1949 1024 1984; x_wconf 88' lang='lat' dir='ltr'>v.</span> <span class='ocrx_word' id='word_1_141' title='bbox 1042 1936 1088 1995; x_wconf 82' lang='lat'>45,</span> <span class='ocrx_word' id='word_1_142' title='bbox 1112 1937 1157 1986; x_wconf 80' lang='lat'>46.</span> 
     </span>
     <span class='ocr_line' id='line_1_19' title="bbox 189 1996 1156 2066; baseline 0.003 -15"><span class='ocrx_word' id='word_1_143' title='bbox 189 1997 325 2066; x_wconf 78' lang='lat' dir='ltr'>Zmyrnae</span> <span class='ocrx_word' id='word_1_144' title='bbox 339 1998 513 2052; x_wconf 82' lang='lat' dir='ltr'>errabundae</span> <span class='ocrx_word' id='word_1_145' title='bbox 526 2012 645 2065; x_wconf 82' lang='lat' dir='ltr'>angores</span> <span class='ocrx_word' id='word_1_146' title='bbox 658 1997 687 2051; x_wconf 89' lang='lat' dir='ltr'>et</span> <span class='ocrx_word' id='word_1_147' title='bbox 698 1996 899 2051; x_wconf 74' lang='lat' dir='ltr'>sollicitudines</span> <span class='ocrx_word' id='word_1_148' title='bbox 912 1996 1046 2052; x_wconf 74' lang='lat' dir='ltr'>describit</span> <span class='ocrx_word' id='word_1_149' title='bbox 1058 1998 1156 2054; x_wconf 82' lang='lat' dir='ltr'>Cinna.</span> 
     </span>
    </p>
   </div>
   <div class='ocr_carea' id='block_1_11' title="bbox 241 2097 1120 2166">
    <p class='ocr_par' dir='ltr' id='par_1_12' title="bbox 241 2097 1120 2166">
     <span class='ocr_line' id='line_1_20' title="bbox 241 2097 1120 2166; baseline 0.006 -6"><span class='ocrx_word' id='word_1_150' title='bbox 241 2113 265 2160; x_wconf 80' lang='grc'>9.</span> <span class='ocrx_word' id='word_1_151' title='bbox 299 2101 332 2162; x_wconf 86' lang='lat' dir='ltr'>at</span> <span class='ocrx_word' id='word_1_152' title='bbox 355 2100 456 2164; x_wconf 88' lang='lat' dir='ltr'>scelus</span> <span class='ocrx_word' id='word_1_153' title='bbox 478 2100 601 2164; x_wconf 88' lang='lat' dir='ltr'>incesto</span> <span class='ocrx_word' id='word_1_154' title='bbox 624 2097 780 2164; x_wconf 86' lang='lat' dir='ltr'>Zmurnae</span> <span class='ocrx_word' id='word_1_155' title='bbox 803 2100 963 2166; x_wconf 85' lang='lat' dir='ltr'>erescebat</span> <span class='ocrx_word' id='word_1_156' title='bbox 983 2101 1019 2164; x_wconf 91' lang='lat' dir='ltr'>in</span> <span class='ocrx_word' id='word_1_157' title='bbox 1040 2101 1120 2166; x_wconf 83' lang='lat' dir='ltr'>alre.</span> 
     </span>
    </p>
   </div>
   <div class='ocr_carea' id='block_1_12' title="bbox 188 2199 1154 2472">
    <p class='ocr_par' dir='ltr' id='par_1_13' title="bbox 188 2199 1154 2472">
     <span class='ocr_line' id='line_1_21' title="bbox 239 2199 1154 2268; baseline 0.002 -14"><span class='ocrx_word' id='word_1_158' title='bbox 239 2199 396 2254; x_wconf 85' lang='lat' dir='ltr'>Priscianus</span> <span class='ocrx_word' id='word_1_159' title='bbox 413 2215 460 2266; x_wconf 85' lang='lat' dir='ltr'>pg.</span> <span class='ocrx_word' id='word_1_160' title='bbox 479 2205 528 2254; x_wconf 77' lang='lat'>718</span> <span class='ocrx_word' id='word_1_161' title='bbox 547 2199 606 2264; x_wconf 86' lang='lat' dir='ltr'>(ubi</span> <span class='ocrx_word' id='word_1_162' title='bbox 628 2199 690 2268; x_wconf 82' lang='lat' dir='ltr'>agit</span> <span class='ocrx_word' id='word_1_163' title='bbox 708 2199 742 2254; x_wconf 91' lang='lat' dir='ltr'>de</span> <span class='ocrx_word' id='word_1_164' title='bbox 760 2200 915 2254; x_wconf 88' lang='lat' dir='ltr'>masculino</span> <span class='ocrx_word' id='word_1_165' title='bbox 938 2201 1041 2268; x_wconf 82' lang='lat' dir='ltr'>alvus):</span> <span class='ocrx_word' id='word_1_166' title='bbox 1064 2201 1154 2256; x_wconf 83' lang='lat' dir='ltr'>Cinna</span> 
     </span>
     <span class='ocr_line' id='line_1_22' title="bbox 188 2264 1150 2342; baseline 0.002 -22"><span class='ocrx_word' id='word_1_167' title='bbox 188 2267 217 2320; x_wconf 89' lang='lat' dir='ltr'>in</span> <span class='ocrx_word' id='word_1_168' title='bbox 236 2267 283 2320; x_wconf 83' lang='lat' dir='ltr'>Sm</span> <span class='ocrx_word' id='word_1_169' title='bbox 338 2281 355 2318; x_wconf 85' lang='lat' dir='ltr'>a</span> <span class='ocrx_word' id='word_1_170' title='bbox 373 2283 396 2319; x_wconf 89' lang='lat' dir='ltr'>e.</span> <span class='ocrx_word' id='word_1_171' title='bbox 414 2281 441 2342; x_wconf 75' lang='lat' dir='ltr'>q.</span> <span class='ocrx_word' id='word_1_172' title='bbox 460 2281 480 2318; x_wconf 85' lang='lat' dir='ltr'>s.</span> <span class='ocrx_word' id='word_1_173' title='bbox 517 2266 674 2334; x_wconf 78' lang='lat' dir='ltr'>‘Smyrnae&#39;</span> <span class='ocrx_word' id='word_1_174' title='bbox 692 2264 835 2322; x_wconf 86' lang='lat' dir='ltr'>verissime</span> <span class='ocrx_word' id='word_1_175' title='bbox 853 2267 1028 2322; x_wconf 85' lang='lat' dir='ltr'>Burmannus</span> <span class='ocrx_word' id='word_1_176' title='bbox 1046 2269 1083 2322; x_wconf 88' lang='lat' dir='ltr'>ad</span> <span class='ocrx_word' id='word_1_177' title='bbox 1100 2269 1150 2328; x_wconf 80' lang='lat' dir='ltr'>Or,</span> 
     </span>
     <span class='ocr_line' id='line_1_23' title="bbox 188 2333 1153 2400; baseline 0.004 -13"><span class='ocrx_word' id='word_1_178' title='bbox 188 2337 255 2388; x_wconf 89' lang='lat' dir='ltr'>met.</span> <span class='ocrx_word' id='word_1_179' title='bbox 298 2339 379 2400; x_wconf 58' lang='lat' dir='ltr'>,aba</span> <span class='ocrx_word' id='word_1_180' title='bbox 399 2340 521 2386; x_wconf 78' lang='lat' dir='ltr'>‘musae&#39;</span> <span class='ocrx_word' id='word_1_181' title='bbox 539 2334 597 2388; x_wconf 85' lang='lat' dir='ltr'>fere</span> <span class='ocrx_word' id='word_1_182' title='bbox 616 2333 690 2388; x_wconf 86' lang='lat' dir='ltr'>libri.</span> <span class='ocrx_word' id='word_1_183' title='bbox 720 2335 796 2389; x_wconf 91' lang='lat' dir='ltr'>idem</span> <span class='ocrx_word' id='word_1_184' title='bbox 813 2351 839 2388; x_wconf 88' lang='lat' dir='ltr'>v.</span> <span class='ocrx_word' id='word_1_185' title='bbox 857 2352 875 2388; x_wconf 91' lang='lat' dir='ltr'>a</span> <span class='ocrx_word' id='word_1_186' title='bbox 893 2334 1018 2390; x_wconf 86' lang='lat' dir='ltr'>Charisio</span> <span class='ocrx_word' id='word_1_187' title='bbox 1037 2336 1153 2391; x_wconf 84' lang='lat' dir='ltr'>affertur</span> 
     </span>
     <span class='ocr_line' id='line_1_24' title="bbox 189 2399 1070 2472; baseline 0.002 -17"><span class='ocrx_word' id='word_1_188' title='bbox 189 2419 237 2471; x_wconf 84' lang='lat' dir='ltr'>pg.</span> <span class='ocrx_word' id='word_1_189' title='bbox 256 2408 287 2455; x_wconf 87' lang='grc'>61</span> <span class='ocrx_word' id='word_1_190' title='bbox 306 2399 355 2454; x_wconf 89' lang='lat' dir='ltr'>ubi</span> <span class='ocrx_word' id='word_1_191' title='bbox 372 2399 478 2468; x_wconf 80' lang='lat' dir='ltr'>legitur</span> <span class='ocrx_word' id='word_1_192' title='bbox 496 2399 647 2455; x_wconf 76' lang='lat' dir='ltr'>‘incestum</span> <span class='ocrx_word' id='word_1_193' title='bbox 664 2403 765 2472; x_wconf 89' lang='lat' dir='ltr'>turpi’.</span> <span class='ocrx_word' id='word_1_194' title='bbox 799 2403 900 2470; x_wconf 83' lang='lat' dir='ltr'>Agitur</span> <span class='ocrx_word' id='word_1_195' title='bbox 917 2403 953 2457; x_wconf 92' lang='lat' dir='ltr'>de</span> <span class='ocrx_word' id='word_1_196' title='bbox 970 2403 1070 2458; x_wconf 86' lang='lat' dir='ltr'>Adoni.</span> 
     </span>
    </p>
   </div>
   <div class='ocr_carea' id='block_1_13' title="bbox 241 2486 1147 2582">
    <p class='ocr_par' dir='ltr' id='par_1_14' title="bbox 241 2486 1147 2582">
     <span class='ocr_line' id='line_1_25' title="bbox 241 2486 1147 2582; baseline 0.008 -18"><span class='ocrx_word' id='word_1_197' title='bbox 241 2517 280 2566; x_wconf 87' lang='lat'>10.</span> <span class='ocrx_word' id='word_1_198' title='bbox 308 2507 388 2565; x_wconf 89' lang='lat' dir='ltr'>Char.</span> <span class='ocrx_word' id='word_1_199' title='bbox 407 2525 454 2577; x_wconf 80' lang='lat' dir='ltr'>pg.</span> <span class='ocrx_word' id='word_1_200' title='bbox 474 2513 518 2563; x_wconf 75' lang='lat'>73:</span> <span class='ocrx_word' id='word_1_201' title='bbox 542 2509 630 2563; x_wconf 83' lang='lat' dir='ltr'>Cinna</span> <span class='ocrx_word' id='word_1_202' title='bbox 648 2486 743 2566; x_wconf 82' lang='lat' dir='ltr'>autem</span> <span class='ocrx_word' id='word_1_203' title='bbox 760 2511 790 2566; x_wconf 93' lang='lat' dir='ltr'>in</span> <span class='ocrx_word' id='word_1_204' title='bbox 807 2513 927 2582; x_wconf 83' lang='lat' dir='ltr'>Zmyrna</span> <span class='ocrx_word' id='word_1_205' title='bbox 943 2512 1026 2567; x_wconf 91' lang='lat' dir='ltr'>huius</span> <span class='ocrx_word' id='word_1_206' title='bbox 1045 2505 1147 2570; x_wconf 78' lang='lat' dir='ltr'>‘tabis&#39;</span> 
     </span>
    </p>
   </div>
   <div class='ocr_carea' id='block_1_14' title="bbox 188 2584 1150 2722">
    <p class='ocr_par' dir='ltr' id='par_1_15' title="bbox 188 2584 1150 2722">
     <span class='ocr_line' id='line_1_26' title="bbox 188 2584 1150 2658; baseline 0.005 -19"><span class='ocrx_word' id='word_1_207' title='bbox 188 2585 259 2639; x_wconf 84' lang='lat' dir='ltr'>dixit</span> <span class='ocrx_word' id='word_1_208' title='bbox 275 2585 353 2640; x_wconf 91' lang='lat' dir='ltr'>nullo</span> <span class='ocrx_word' id='word_1_209' title='bbox 367 2587 489 2640; x_wconf 85' lang='lat' dir='ltr'>auctore.</span> <span class='ocrx_word' id='word_1_210' title='bbox 512 2584 591 2639; x_wconf 89' lang='lat' dir='ltr'>Idem</span> <span class='ocrx_word' id='word_1_211' title='bbox 609 2592 670 2640; x_wconf 86' lang='lat'>118:</span> <span class='ocrx_word' id='word_1_212' title='bbox 687 2588 771 2642; x_wconf 92' lang='lat' dir='ltr'>huius</span> <span class='ocrx_word' id='word_1_213' title='bbox 784 2588 880 2643; x_wconf 83' lang='lat' dir='ltr'>‘tabis’</span> <span class='ocrx_word' id='word_1_214' title='bbox 894 2587 983 2644; x_wconf 83' lang='lat' dir='ltr'>Cinna</span> <span class='ocrx_word' id='word_1_215' title='bbox 993 2587 1023 2644; x_wconf 90' lang='lat' dir='ltr'>iu</span> <span class='ocrx_word' id='word_1_216' title='bbox 1036 2587 1150 2658; x_wconf 80' lang='lat' dir='ltr'>Smyrna</span> 
     </span>
     <span class='ocr_line' id='line_1_27' title="bbox 188 2653 724 2722; baseline 0.002 -14"><span class='ocrx_word' id='word_1_217' title='bbox 188 2653 272 2722; x_wconf 87' lang='lat' dir='ltr'>dixit,</span> <span class='ocrx_word' id='word_1_218' title='bbox 290 2653 368 2708; x_wconf 86' lang='lat' dir='ltr'>nullo</span> <span class='ocrx_word' id='word_1_219' title='bbox 387 2655 452 2709; x_wconf 89' lang='lat' dir='ltr'>ante</span> <span class='ocrx_word' id='word_1_220' title='bbox 470 2669 500 2708; x_wconf 90' lang='lat' dir='ltr'>se</span> <span class='ocrx_word' id='word_1_221' title='bbox 518 2671 584 2706; x_wconf 90' lang='lat' dir='ltr'>usus</span> <span class='ocrx_word' id='word_1_222' title='bbox 603 2658 724 2710; x_wconf 87' lang='lat' dir='ltr'>auctore.</span> 
     </span>
    </p>
   </div>
   <div class='ocr_carea' id='block_1_15' title="bbox 321 2837 1019 2912">
    <p class='ocr_par' dir='ltr' id='par_1_16' title="bbox 321 2837 1019 2912">
     <span class='ocr_line' id='line_1_28' title="bbox 321 2837 1019 2912; baseline 0.004 -5"><span class='ocrx_word' id='word_1_223' title='bbox 321 2837 381 2908; x_wconf 88' lang='lat' dir='ltr'><strong>III.</strong></span> <span class='ocrx_word' id='word_1_224' title='bbox 419 2839 759 2908; x_wconf 82' lang='lat' dir='ltr'>PBOPBMPTICON</span> <span class='ocrx_word' id='word_1_225' title='bbox 780 2841 1019 2912; x_wconf 79' lang='lat' dir='ltr'><strong>POLLIONIS.</strong></span> 
     </span>
    </p>
   </div>
   <div class='ocr_carea' id='block_1_16' title="bbox 240 2977 1145 3318">
    <p class='ocr_par' dir='ltr' id='par_1_17' title="bbox 240 2977 1145 3318">
     <span class='ocr_line' id='line_1_29' title="bbox 240 2977 1145 3062; baseline 0.008 -28"><span class='ocrx_word' id='word_1_226' title='bbox 240 2988 280 3037; x_wconf 91' lang='lat'>11.</span> <span class='ocrx_word' id='word_1_227' title='bbox 313 2999 372 3042; x_wconf 91' lang='lat' dir='ltr'>nec</span> <span class='ocrx_word' id='word_1_228' title='bbox 394 2981 461 3042; x_wconf 88' lang='lat' dir='ltr'>tam</span> <span class='ocrx_word' id='word_1_229' title='bbox 483 2977 640 3044; x_wconf 87' lang='lat' dir='ltr'>donorum</span> <span class='ocrx_word' id='word_1_230' title='bbox 662 2977 824 3062; x_wconf 84' lang='lat' dir='ltr'>ingenteis</span> <span class='ocrx_word' id='word_1_231' title='bbox 843 2979 1000 3044; x_wconf 88' lang='lat' dir='ltr'>mirabere</span> <span class='ocrx_word' id='word_1_232' title='bbox 1023 2999 1145 3044; x_wconf 79' lang='lat' dir='ltr'>acervos</span> 
     </span>
     <span class='ocr_line' id='line_1_30' title="bbox 316 3062 1087 3148; baseline 0.006 -25"><span class='ocrx_word' id='word_1_233' title='bbox 316 3062 600 3128; x_wconf 89' lang='lat' dir='ltr'>innumerabilibus</span> <span class='ocrx_word' id='word_1_234' title='bbox 623 3065 793 3148; x_wconf 80' lang='lat' dir='ltr'>congestos</span> <span class='ocrx_word' id='word_1_235' title='bbox 815 3064 955 3148; x_wconf 90' lang='lat' dir='ltr'>undique</span> <span class='ocrx_word' id='word_1_236' title='bbox 977 3065 1087 3130; x_wconf 83' lang='lat' dir='ltr'>saeclis</span> 
     </span>
     <span class='ocr_line' id='line_1_31' title="bbox 313 3144 1115 3232; baseline 0.009 -27"><span class='ocrx_word' id='word_1_237' title='bbox 313 3144 377 3206; x_wconf 84' lang='lat' dir='ltr'>ism</span> <span class='ocrx_word' id='word_1_238' title='bbox 398 3147 472 3210; x_wconf 89' lang='lat' dir='ltr'>inde</span> <span class='ocrx_word' id='word_1_239' title='bbox 495 3169 514 3210; x_wconf 86' lang='lat' dir='ltr'>u</span> <span class='ocrx_word' id='word_1_240' title='bbox 534 3147 656 3211; x_wconf 89' lang='lat' dir='ltr'>Belidis</span> <span class='ocrx_word' id='word_1_241' title='bbox 678 3147 839 3232; x_wconf 86' lang='lat' dir='ltr'>natalique</span> <span class='ocrx_word' id='word_1_242' title='bbox 861 3149 950 3213; x_wconf 88' lang='lat' dir='ltr'>urbis</span> <span class='ocrx_word' id='word_1_243' title='bbox 973 3147 1013 3212; x_wconf 86' lang='lat' dir='ltr'>ab</span> <span class='ocrx_word' id='word_1_244' title='bbox 1036 3169 1115 3212; x_wconf 90' lang='lat' dir='ltr'>anno</span> 
     </span>
     <span class='ocr_line' id='line_1_32' title="bbox 314 3226 1145 3318; baseline 0.01 -28"><span class='ocrx_word' id='word_1_245' title='bbox 314 3226 465 3312; x_wconf 88' lang='lat' dir='ltr'>Cecropis</span> <span class='ocrx_word' id='word_1_246' title='bbox 477 3233 572 3314; x_wconf 86' lang='lat' dir='ltr'>atque</span> <span class='ocrx_word' id='word_1_247' title='bbox 583 3231 647 3293; x_wconf 87' lang='lat' dir='ltr'>alta</span> <span class='ocrx_word' id='word_1_248' title='bbox 659 3229 748 3313; x_wconf 79' lang='lat' dir='ltr'>Tyrii</span> <span class='ocrx_word' id='word_1_249' title='bbox 761 3232 826 3296; x_wconf 87' lang='lat' dir='ltr'>iam</span> <span class='ocrx_word' id='word_1_250' title='bbox 841 3233 881 3298; x_wconf 90' lang='lat' dir='ltr'>ab</span> <span class='ocrx_word' id='word_1_251' title='bbox 894 3234 1018 3318; x_wconf 86' lang='lat' dir='ltr'>origine</span> <span class='ocrx_word' id='word_1_252' title='bbox 1030 3233 1145 3298; x_wconf 81' lang='lat' dir='ltr'>Cadmi.</span> 
     </span>
    </p>
   </div>
   <div class='ocr_carea' id='block_1_17' title="bbox 184 3325 1149 3602">
    <p class='ocr_par' dir='ltr' id='par_1_18' title="bbox 184 3325 1149 3602">
     <span class='ocr_line' id='line_1_33' title="bbox 237 3325 1146 3411; baseline 0.004 -29"><span class='ocrx_word' id='word_1_253' title='bbox 237 3325 378 3382; x_wconf 82' lang='lat' dir='ltr'>Charisius</span> <span class='ocrx_word' id='word_1_254' title='bbox 406 3344 454 3396; x_wconf 87' lang='lat' dir='ltr'>pg.</span> <span class='ocrx_word' id='word_1_255' title='bbox 482 3335 527 3407; x_wconf 63' lang='lat'>99:</span> <span class='ocrx_word' id='word_1_256' title='bbox 553 3328 659 3406; x_wconf 77' lang='lat' dir='ltr'>Belidis</span> <span class='ocrx_word' id='word_1_257' title='bbox 687 3329 716 3407; x_wconf 79' lang='grc' dir='ltr'>0.Ι</span> <span class='ocrx_word' id='word_1_258' title='bbox 740 3329 771 3409; x_wconf 75' lang='lat' dir='ltr'>in</span> <span class='ocrx_word' id='word_1_259' title='bbox 796 3332 992 3410; x_wconf 85' lang='lat' dir='ltr'>propemptico</span> <span class='ocrx_word' id='word_1_260' title='bbox 1018 3331 1146 3411; x_wconf 81' lang='lat' dir='ltr'>Pollionis</span> 
     </span>
     <span class='ocr_line' id='line_1_34' title="bbox 184 3396 1149 3536; baseline 0.006 -21"><span class='ocrx_word' id='word_1_261' title='bbox 184 3411 304 3516; x_wconf 68' lang='lat' dir='ltr'>saar</span> <span class='ocrx_word' id='word_1_262' title='bbox 320 3396 535 3531; x_wconf 65' lang='lat' dir='ltr'>,lacerae</span> <span class='ocrx_word' id='word_1_263' title='bbox 564 3396 775 3519; x_wconf 34' lang='lat' dir='ltr'>{abacta</span> <span class='ocrx_word' id='word_1_264' title='bbox 794 3400 1149 3536; x_wconf 52' lang='lat' dir='ltr'>creabi-esdras</span> 
     </span>
     <span class='ocr_line' id='line_1_35' title="bbox 185 3485 990 3602; baseline 0.011 -20"><span class='ocrx_word' id='word_1_265' title='bbox 185 3529 300 3599; x_wconf 81' lang='lat' dir='ltr'>Tyrium</span> <span class='ocrx_word' id='word_1_266' title='bbox 319 3530 378 3585; x_wconf 84' lang='lat' dir='ltr'>eod.</span> <span class='ocrx_word' id='word_1_267' title='bbox 417 3529 476 3586; x_wconf 86' lang='lat' dir='ltr'>Cet.</span> <span class='ocrx_word' id='word_1_268' title='bbox 496 3531 531 3586; x_wconf 82' lang='lat' dir='ltr'>cf.</span> <span class='ocrx_word' id='word_1_269' title='bbox 550 3548 603 3586; x_wconf 87' lang='lat' dir='ltr'>eun</span> <span class='ocrx_word' id='word_1_270' title='bbox 625 3572 631 3585; x_wconf 89' lang='lat'><strong><em>.</em></strong></span> <span class='ocrx_word' id='word_1_271' title='bbox 650 3548 691 3600; x_wconf 87' lang='lat' dir='ltr'>gr.</span> <span class='ocrx_word' id='word_1_272' title='bbox 709 3549 756 3601; x_wconf 82' lang='lat' dir='ltr'>pg.</span> <span class='ocrx_word' id='word_1_273' title='bbox 777 3539 837 3602; x_wconf 82' lang='lat'>108,</span> <span class='ocrx_word' id='word_1_274' title='bbox 858 3509 915 3590; x_wconf 65' lang='lat' dir='ltr'>loll.</span> <span class='ocrx_word' id='word_1_275' title='bbox 971 3485 990 3538; x_wconf 62' lang='lat' dir='ltr'>y</span> 
     </span>
    </p>
   </div>
   <div class='ocr_carea' id='block_1_18' title="bbox 0 0 1256 4020">
    <p class='ocr_par' dir='ltr' id='par_1_19' title="bbox 0 0 1256 4020">
     <span class='ocr_line' id='line_1_36' title="bbox 0 0 1256 4020; baseline 0 0"><span class='ocrx_word' id='word_1_276' title='bbox 0 0 1256 4020; x_wconf 95' lang='lat' dir='ltr'> </span> 
     </span>
    </p>
   </div>
  </div>
 </body>
</html>
