2470 4010
649 223 802 278 curvum
1090 221 1200 297 [nuru

648 387 796 463 xxvu.
810 347 843 412 t

330 522 478 587 Minister
498 519 596 586 vetuli
617 541 697 604 puer
716 519 845 584 Falerni

328 606 427 692 Inger
447 607 492 670 mi
514 606 627 670 calices
650 604 835 688 amariores,

328 689 374 756 Vt
395 693 447 755 lex
467 689 649 755 Postumiae
671 689 760 753 iubet
779 687 969 773 magistrae,

329 776 467 841 Ebriosa
488 775 580 839 acina
601 774 791 838 ebriosioris.

258 871 275 922 t
328 862 375 925 At
395 881 451 924 vos
474 879 536 942 quo
559 859 647 922 lubet
667 857 743 922 hinc
765 857 863 940 abite,
885 857 1037 942 lymphae

329 943 407 1008 Vini
428 943 601 1027 pernicies,
624 944 656 1006 et
678 941 718 1006 ad
740 963 866 1007 severos

330 1028 483 1113 Migrate:
504 1026 557 1092 hic
578 1048 683 1091 merus
707 1031 756 1091 cst
777 1024 993 1110 Thyonianus

640 1249 806 1324 XXVHI.

328 1382 455 1448 Pisonis
477 1382 625 1463 comites,
648 1381 762 1446 cohors
784 1381 890 1445 inanis

328 1468 424 1550 Aptis
447 1466 612 1531 sarcinulis
635 1469 667 1529 et
688 1464 857 1549 expeditis,

328 1549 449 1614 Verani
471 1551 591 1634 optime
612 1551 709 1632 tuque
730 1551 775 1614 mi
796 1549 942 1631 Fabulle,

331 1633 413 1709 Quid
435 1655 540 1699 rerum
561 1633 695 1718 geritis?
719 1634 838 1698 satisne
861 1655 932 1698 cum
953 1633 1016 1698 isto

254 1723 276 1781 '5
328 1717 443 1804 Vappa
464 1719 647 1804 frigoraque
669 1723 702 1782 et
722 1719 840 1782 famem
861 1718 1003 1782 tulistis?

329 1803 529 1888 Ecquidnam
550 1803 585 1868 iu
605 1803 723 1867 tabulis
744 1806 834 1886 patet
855 1801 961 1866 lucelli

329 1888 529 1973 Expensum,
551 1890 589 1952 ut
609 1886 704 1970 mihi,
727 1888 781 1971 qui
802 1908 908 1951 meum
929 1888 1056 1950 secutus
1191 1917 1194 1924 ·

329 1973 513 2038 Praetorem
533 1973 636 2037 refero
659 1971 767 2036 datum
788 1971 902 2035 lucello

331 2056 376 2120 ‘0
399 2055 545 2140 Memmi,
568 2057 649 2120 bene
671 2077 722 2120 me
744 2077 780 2120 ac
802 2056 856 2120 diu
878 2055 1028 2138 supinum

246 2154 279 2202 10
329 2139 412 2204 Tota
432 2140 495 2204 ista
515 2141 605 2204 trabe
626 2142 730 2206 lentus
752 2141 942 2206 inrumasti.’

331 2223 407 2307 Sed,
431 2227 586 2307 quantum
606 2224 714 2307 video,
736 2226 806 2308 pari
827 2224 933 2289 fuistis

331 2307 429 2373 Casu:
451 2330 527 2374 nam
548 2307 650 2374 nihilo
673 2310 796 2372 minore
818 2329 914 2392 verpa

329 2391 418 2456 Farti
440 2393 526 2458 estis.
579 2395 628 2457 ete
649 2393 774 2457 nobiles
797 2393 925 2458 amicos

329 2478 375 2540 At
395 2478 486 2542 vobis
508 2416 592 2542 maia
613 2477 714 2542 multa
737 2478 768 2541 di
790 2477 928 2562 deaeque

247 2573 278 2622 15
328 2559 429 2648 Dent,
452 2562 624 2648 opprobria
645 2561 792 2628 Romulei
813 2561 976 2646 Remique.

651 2701 803 2712 naa—.—

631 2786 813 2858 XXVHH.

193 2989 196 2997 ,
330 2918 407 2994 Quis
428 2918 491 2984 hoc
512 2919 620 3001 potest
640 2917 761 2999 videre,
785 2917 854 3000 quis
875 2918 983 2999 potest
1002 2916 1086 3000 pati,

328 3002 400 3067 Nisi
422 3001 589 3087 inpudicus
611 3004 643 3067 et
663 3023 760 3065 vorax
782 3005 815 3065 et
836 3001 920 3083 aleo,

328 3086 523 3151 Mamurram
544 3085 661 3151 habere
686 3086 770 3168 quod
793 3083 928 3150 Comata
949 3083 1055 3148 Gallia

328 3169 477 3234 Habebat
497 3174 572 3234 ante
595 3174 627 3234 et
647 3171 760 3234 ultima
780 3169 970 3234 Britannia?

259 3265 276 3316 t
332 3251 470 3316 Cinaede
491 3253 640 3337 Romule,
662 3253 741 3319 haec
761 3253 884 3318 videbis
907 3251 1064 3317 etseras?

153 3393 159 3398 .
259 3339 296 3399 5¹³
329 3337 377 3400 Es
397 3338 566 3418 inpudicas
587 3343 615 3400 et
635 3359 735 3404 coroa
756 3343 785 3404 et
805 3339 881 3404 utcu.

330 3419 375 3482 Et
395 3419 449 3481 ille
472 3441 557 3482 nunc
579 3423 732 3502 superbus
754 3426 787 3484 et
808 3421 1003 3506 superfluens

329 3501 567 3566 Perambulabit
588 3504 729 3566 omnium
752 3505 868 3567 cubilia
