2492 4022
198 265 264 314 vm
576 249 787 310 PRAEFATIO,

201 422 340 484 similiter
354 420 470 497 saepius
481 423 634 497 peecatum
645 421 677 479 in
688 421 817 498 antiquis
832 420 917 481 libris
933 420 1056 482 Tibulli.
1079 424 1192 486 Prae·

202 511 284 566 terea
298 507 385 566 valde
400 524 514 579 vereor,
529 504 615 564 initio
631 505 804 581 panegyrici
819 505 973 566 Messallae
989 527 1027 567 ne
1043 529 1060 567 a
1075 511 1193 570 seiolo

201 590 338 650 videatur
357 591 509 651 invectum
529 589 560 647 id
582 589 662 665 qued
687 592 735 648 est
758 595 916 664 repararet,
940 591 992 667 qui
1011 593 1192 670 ignoraret

201 693 319 752 nempe,
340 675 413 751 quid
433 674 491 734 sibi
504 674 598 734 vellet
611 673 687 730 illud
701 678 734 734 ul
747 675 817 748 post
830 675 956 736 terraer·
969 695 1073 736 vorem
1092 682 1189 755 posi-

201 761 276 819 tum.
308 759 404 830 Quare
426 759 506 817 haud
525 757 698 816 dubitanter
715 758 885 833 reponenda
904 762 969 818 erat
981 761 1188 837 reliquorum

202 845 336 903 eodiuum
350 843 448 902 leutio.

265 927 406 987 Proxima
426 929 524 984 autem
544 925 678 985 bonitate
693 929 724 984 et
738 944 831 1001 paene
846 926 929 1003 paria
943 931 1015 988 sunt
1028 938 1188 1008 excerpta

202 1011 417 1093 Frisingensia,¹
430 1028 505 1085 quae
520 1011 601 1070 omni
611 1010 840 1086 interpolatione
854 1029 953 1072 carere
964 1012 1187 1077 demonstravi

202 1096 235 1154 in
259 1097 362 1154 libello
389 1114 478 1170 supra
498 1095 597 1154 allato.
640 1094 745 1170 Itaque
764 1095 874 1171 ubique
894 1115 983 1171 quam
1004 1099 1185 1172 plurimum

202 1179 363 1238 tribuimus
385 1178 565 1238 testimoniis
584 1196 697 1252 eorum,
718 1178 794 1236 illud
815 1180 911 1238 solum
927 1181 1073 1256 dolentes,
1090 1186 1185 1260 quod

203 1266 274 1323 sunt
293 1265 357 1321 tam
378 1264 484 1338 exigua
503 1263 608 1336 spatio.
638 1263 664 1320 E
684 1263 793 1337 quibus
812 1267 913 1326 tamen
931 1266 1042 1342 nequid
1062 1267 1183 1329 lectori

201 1349 315 1424 pereat,
332 1364 366 1404 ea
380 1347 468 1421 plena
482 1347 542 1404 iam
556 1347 854 1421 repraesentabimus.

521 1523 643 1591 ALBII
664 1526 849 1596 TIBVLLI.

205 1684 342 1746 Dr'ar'a’aa
357 1685 433 1744 alius
447 1683 531 1758 fulua
540 1685 602 1746 ,sr'lrr'
615 1689 749 1760 muperal
763 1703 837 1745 aare

246 1769 288 1828 Et
301 1773 397 1829 terreat
411 1770 479 1829 eultr'
491 1770 594 1845 r'upera
608 1769 701 1831 rurae
713 1770 767 1828 soll
782 1765 808 1847 [1
826 1772 853 1843 1,
871 1770 898 1828 1.
913 1764 955 1850 2].

204 1853 256 1914 Me
270 1871 335 1914 rura
344 1857 507 1929 paupertas
520 1855 585 1912 ullu
598 1854 733 1912 traderet
746 1854 833 1912 iuertr'

247 1937 330 1998 Duru
343 1955 440 1998 maura
455 1937 571 1998 maduo
586 1937 678 1998 uerear
691 1939 758 2012 r'prre
771 1937 853 2010 saeua
870 1933 897 2016 [Ι
912 1940 940 2012 1,
956 1940 985 1998 ὅ.
1002 1935 1044 2020 6]

204 2021 305 2080 Ruber
321 2017 347 2099 [Ι
364 2024 392 2095 1,
410 2015 472 2100 17].

204 2105 275 2166 Iura
289 2105 373 2165 made
387 2107 449 2166 tara
457 2107 569 2180 possim
583 2110 732 2166 eaalerruus
746 2108 846 2166 aurae
854 2123 953 2182 parua
969 2103 997 2186 [Ι
1012 2109 1040 2182 1,
1053 2105 1128 2189 ’25]

204 2186 247 2250 At
260 2207 310 2249 aas
324 2191 424 2264 eaipua
433 2192 533 2264 pecori
545 2191 681 2264 furesque
693 2191 810 2264 lupique

248 2273 363 2332 Puerile
378 2274 412 2332 ele
425 2291 532 2349 rrrupuo
541 2275 656 2347 praeda
664 2275 792 2348 peteuda
803 2293 887 2350 prepe
904 2271 930 2354 [Ι
947 2277 973 2349 1,
991 2277 1040 2335 33.
1057 2272 1127 2357 34].

205 2357 269 2417 Illa
284 2358 361 2417 docel
375 2357 454 2416 rualli
467 2357 571 2430 fartim
585 2359 716 2432 derepere
729 2359 797 2419 leuto
813 2354 839 2437 [Ι
855 2362 883 2432 2,
902 2353 963 2438 19].

205 2441 277 2502 Iera
290 2442 422 2516 subrepet
435 2443 513 2501 r'rrers
528 2447 607 2502 aetas
621 2459 673 2502 rree
687 2459 788 2502 amare
802 2443 907 2504 meabit
923 2439 950 2522 [Ι
967 2446 993 2518 1,
1011 2440 1074 2524 71].

335 2524 431 2586 Celarl
444 2526 508 2585 uult
521 2544 577 2586 sua
591 2527 673 2600 furta
693 2525 790 2587 Verius
806 2523 832 2605 [Ι
848 2529 876 2600 2,
892 2521 956 2606 34].

207 2608 310 2670 Flebis
323 2627 385 2670 aaa
397 2616 450 2671 lae
463 2617 533 2672 aurat
547 2613 620 2671 elrrra
629 2613 804 2685 praeparare
817 2610 906 2682 ferro¹

257 2693 361 2755 Vr'rretu
374 2713 465 2770 uepue
480 2699 514 2754 r'rr
528 2701 623 2756 leaero
637 2699 695 2756 alat
709 2697 762 2755 tter·
772 2696 854 2756 eorde
868 2697 938 2756 sr'lea
955 2691 981 2775 [Ι
994 2698 1021 2770 1,
1037 2697 1086 2757 63.
1105 2695 1173 2781 64].

180 2783 185 2793 ’
208 2778 290 2840 Naar
306 2779 397 2854 fuerit
411 2783 582 2854 praerumpere
595 2782 701 2853 loquare
713 2781 740 2838 r‘s
753 2782 897 2856 aaupur'ru
911 2786 1014 2840 aarum

250 2865 285 2926 Is
305 2864 442 2926 Veuereru
455 2882 470 2924 e
483 2865 587 2938 rapido
601 2866 702 2924 sautia
717 2879 776 2924 esse
789 2867 867 2924 marr·
884 2861 910 2944 [Ι
927 2866 954 2938 2,
971 2867 1021 2924 39.
1038 2861 1103 2946 40].

210 2947 235 3008 O
247 2949 340 3026 fupr'te
352 2955 467 3010 terreae
475 2965 636 3024 puerorum
650 2949 761 3008 eredere
774 2950 877 3008 turbae
893 2944 920 3028 [Ι
934 2950 963 3021 4,
981 2944 1024 3028 9].

258 3033 396 3095 Versatur
411 3035 493 3094 eelerr'
504 3033 566 3106 fara
581 3035 653 3093 uuis
667 3031 733 3094 orbe
747 3039 826 3093 retae
843 3027 869 3111 [1
885 3035 913 3105 5,
931 3028 994 3112 70].

215 3114 284 3176 Vra
297 3120 359 3178 r‘aru
373 3120 509 3178 rrueuru
517 3122 660 3192 premerer
673 3134 739 3177 eura
752 3116 842 3190 serior
856 3121 937 3177 uuas

252 3201 412 3261 Mereuleru
425 3201 527 3263 stultos
535 3203 719 3278 preparasse
733 3202 793 3262 dier
810 3197 836 3280 [Ι
849 3203 879 3273 4,
897 3202 946 3260 33.
963 3197 1028 3282 34].

616 3287 682 3347 Tua
695 3288 722 3346 ar·
736 3287 813 3346 beau
827 3287 919 3346 ursam

252 3368 378 3428 Seraure
391 3369 504 3441 frustra
519 3370 610 3429 elaur's
623 3373 698 3431 tuest
711 3370 825 3442 faribus
841 3367 868 3448 [Ι
883 3372 912 3442 6,
929 3371 978 3430 33.
995 3365 1061 3450 34].
1107 3383 1110 3388 ’

210 3452 330 3526 araeque
344 3453 421 3512 latus
429 3453 565 3526 praefixa
579 3471 653 3514 uera
670 3451 696 3532 [Ι
713 3457 741 3527 6,
756 3449 821 3532 49].
946 3494 965 3531 α
977 3481 1016 3531 (m,
1027 3482 1047 3532 ι)

212 3538 305 3598 Testis
318 3535 402 3596 Arar
415 3536 632 3612 Rhodanusque
647 3539 718 3600 eeler
730 3553 911 3612 maprursque
923 3552 1057 3616 pereurra
