2444 4056
190 189 239 238 Lx
567 173 779 230 PRAEFATIO.

193 347 292 406 autem
305 343 372 403 finis
388 343 499 403 ordinis
513 343 546 402 in
559 342 657 401 medic
672 359 761 401 versu
775 340 937 402 desinentis
951 341 1076 418 singulis
1090 341 1150 400 iere

192 430 327 506 pedibus,
344 429 420 486 etin
434 428 540 486 ultimo
556 426 670 485 duobus
686 427 737 484 aut
751 444 810 486 uno
825 443 859 484 ac
872 423 1037 486 dimidiato.
1066 424 1149 484 Prae·
1214 427 1215 451 ³

192 519 275 574 terea
289 513 497 589 dignissimum
513 515 559 570 est
569 511 712 570 memoria
725 510 860 586 legttimo
875 508 1002 586 quodam
1017 528 1149 587 progres-
1214 586 1215 590 Ἰ

193 617 228 658 su
248 600 280 657 et
303 597 405 674 augeri
424 599 455 655 et
474 596 569 655 minui
589 595 772 655 diuersarum
793 594 923 670 partium
937 595 1096 668 licentiam,
1110 595 1152 652 ita

193 681 314 757 quidem
328 683 363 738 ut
376 681 491 756 priores
504 681 569 739 loco
585 679 674 739 etiam
688 678 826 738 libertate
841 678 902 738 sint
915 679 1056 754 potiores.
1085 677 1150 737 Vel·
1214 697 1215 758 j

194 767 239 825 uti
258 767 291 824 iu
311 765 481 825 hexametro
504 763 648 840 dactylico
664 763 873 839 semiquinaria
886 781 1007 823 caesura
1019 763 1150 838 praedito
1214 783 1215 842 j

194 850 316 910 secundi
336 852 367 908 et
385 849 468 908 tertii
482 847 674 923 semipedum,
690 846 797 922 quibus
813 847 896 923 prior
915 843 987 906 crdo
1009 847 1151 906 concludi·

193 937 259 1007 tur,
280 934 379 992 minus
398 931 525 991 firmiter
545 931 720 991 observatur
738 949 844 992 norma
857 950 960 1006 quam,
981 931 1090 1008 quibus
1104 950 1152 1007 po·
1214 953 1215 956 ¹

194 1019 302 1077 sterior
321 1015 436 1089 finitur,
458 1015 566 1092 pedum
587 1016 684 1091 quinti
705 1033 737 1074 ac
757 1016 841 1075 sexti.
871 1015 964 1076 Porro
978 1016 1093 1091 primus
1106 1016 1152 1073 da·

194 1100 292 1176 ctylus
318 1117 385 1156 cum
409 1101 544 1175 proxima
569 1101 627 1160 arsi
652 1101 742 1159 etiam
767 1099 877 1159 maiore
904 1098 1013 1158 fruitur
1037 1101 1136 1159 licant'
1214 1173 1215 1180 ἵ

194 1203 283 1259 quam
303 1201 371 1241 cum
390 1185 473 1242 tertii
492 1184 575 1260 pedis
594 1187 680 1260 parte
694 1185 787 1244 altera
800 1185 933 1260 quartus.
961 1182 1043 1243 Haec
1056 1188 1154 1244 tamen

195 1269 228 1326 in
246 1267 419 1326 universum
438 1287 617 1344 quamquam
637 1287 668 1328 se
688 1267 798 1328 habent
816 1268 993 1342 rectissime,
1015 1286 1054 1327 ne
1074 1287 1155 1328 error

196 1353 318 1424 oriatur,
335 1350 409 1410 duae
424 1370 471 1412 res
486 1354 575 1411 erunt
588 1351 761 1412 monendae.
790 1351 927 1411 Primum
940 1353 1020 1411 enim
1034 1353 1153 1426 nullius,

195 1454 233 1495 ne
248 1436 338 1510 primi
352 1435 472 1510 quidem
486 1435 579 1510 pedis,
595 1439 658 1496 tam
673 1437 780 1496 eximia
793 1438 892 1512 potest
906 1454 970 1496 esso
985 1437 1109 1498 libertas
1124 1441 1157 1496 ut

195 1520 261 1579 ideo
275 1519 453 1595 principales
473 1521 603 1582 rationes
623 1539 725 1580 versus
744 1524 775 1580 et
795 1523 930 1580 aeternae
945 1522 1026 1598 leges
1041 1521 1156 1598 pulchri

195 1604 390 1662 immutentur.
424 1604 540 1667 Deinde
559 1607 660 1680 potest
678 1603 742 1662 fieri
762 1604 919 1681 aliquando
938 1605 971 1666 in
989 1607 1095 1666 metris
1115 1608 1155 1664 l-

196 1687 354 1768 gaoedicis,
370 1688 455 1750 nullo
469 1691 504 1748 ut
516 1691 603 1766 pacto
617 1690 717 1764 partes
732 1707 793 1763 eae,
806 1707 880 1764 quae
894 1691 978 1764 extra
991 1689 1065 1750 fines
1080 1691 1155 1750 ordi-

196 1792 269 1832 num
288 1776 360 1833 sunt
378 1775 507 1849 positae,
527 1774 645 1851 possint
663 1774 815 1851 percipere
834 1774 1004 1833 libertatem
1022 1774 1156 1852 legitima

195 1859 372 1934 permissam
390 1858 474 1935 ipsis.
517 1857 553 1917 Id
572 1859 624 1918 ubi
645 1858 759 1932 evenit,
780 1859 958 1918 transfertur
975 1859 1097 1918 licentia
1117 1859 1157 1918 eis

197 1959 334 2002 concessa
348 1941 385 1999 ad
399 1945 567 2018 proximum
581 1961 684 2004 versus
699 1939 875 2001 membrum.
904 1941 930 2000 hl
945 1944 1094 2002 contario
1108 1962 1156 2018 pe-

197 2025 249 2084 des
268 2025 302 2082 in
316 2025 399 2082 exitu
412 2026 529 2084 metrici
543 2026 655 2086 ordinis
672 2027 807 2086 collocati
827 2026 984 2102 aliquando
1005 2027 1042 2086 ob
1063 2031 1157 2086 cartas

198 2112 230 2166 et
239 2125 300 2167 non
313 2109 471 2168 mutabiles
485 2111 618 2185 ipsorum
632 2112 728 2186 leges,
749 2111 846 2187 qualis
860 2113 908 2170 est
925 2112 960 2169 ut
975 2113 1047 2186 puta
1062 2112 1158 2186 quinti

197 2193 230 2251 in
242 2191 413 2252 hexametro
428 2192 547 2268 dactyli,
563 2195 615 2269 qui
628 2212 748 2270 perraro
763 2194 841 2254 cedit
855 2195 994 2271 spondeo,
1010 2197 1158 2271 exceptio·

197 2275 285 2335 nibus
304 2276 409 2350 patent
427 2277 554 2351 talibus,
575 2277 684 2352 quibus
702 2279 824 2354 propria
838 2297 940 2339 eorum
954 2279 1082 2356 qualitas
1098 2279 1158 2338 effi·

197 2361 283 2418 citur.

243 2471 246 2478 ·
260 2443 377 2506 Deinde
392 2445 464 2504 haec
482 2447 627 2520 notanda,
645 2465 706 2522 quo
720 2447 786 2522 quia
801 2448 920 2523 longior
934 2450 980 2507 est
993 2465 1110 2521 versuo,
1126 2467 1159 2507 eo

197 2529 298 2604 plnres
313 2529 471 2589 admittere
484 2549 553 2590 eum
568 2532 762 2606 exceptiones.

261 2611 355 2674 Porro
377 2615 514 2674 licentiae
535 2634 553 2674 a
572 2615 682 2690 pedum
696 2616 878 2691 proprietate
892 2614 1099 2675 descendentis
1114 2617 1161 2675 hic

198 2698 246 2758 est
258 2699 396 2760 modulus
415 2699 483 2775 plus
502 2701 538 2758 ut
556 2699 685 2759 habeant
697 2699 845 2759 libertatis
860 2699 998 2776 dactylici
1010 2719 1117 2760 versus
1133 2704 1161 2759 et

198 2784 376 2859 anapaestiai
396 2801 485 2861 quam
505 2783 646 2844 trochaici
667 2786 698 2843 et
716 2783 849 2855 iambici,
870 2783 916 2843 his
937 2786 1035 2842 autem
1060 2785 1160 2844 minus

199 2868 288 2926 etiam
309 2868 481 2947 logaoedici.
526 2867 666 2928 Ceterum
685 2868 734 2928 rel
754 2886 858 2926 eorum
880 2869 1058 2942 metrorum,
1085 2886 1161 2944 quaa

198 2967 258 3008 uno
278 2953 440 3030 eodemque
459 2953 492 3012 in
510 2955 688 3030 perpetuum
706 2952 877 3012 continuato
898 2951 974 3026 pede
989 2951 1161 3023 decurrunt,

199 3038 325 3108 augetur
345 3038 500 3111 severitas,
521 3040 675 3096 tunicum
700 3035 811 3095 exclusi
832 3038 903 3094 sunt
930 3037 1046 3095 numeri
1074 3037 1161 3107 talea,

199 3135 273 3191 quos
293 3119 366 3178 alias
387 3121 565 3181 substituere
586 3121 720 3198 legitime
740 3121 780 3179 sit
792 3120 980 3195 permissum.
1010 3118 1164 3180 Iderenit

198 3218 224 3259 e.
241 3219 270 3276 g.
291 3203 324 3262 in
339 3199 449 3262 Catulli
469 3205 523 3262 hoc
545 3205 694 3280 ‘phaselus
713 3205 765 3264 ille
780 3220 868 3279 quem
882 3203 992 3264 uidetis
1005 3203 1162 3280 hospitas,

199 3301 217 3344 a
230 3303 288 3360 quc
304 3286 404 3345 exulat
417 3287 573 3362 spondeus.

262 3369 303 3430 II.
332 3369 447 3429 Deinde
467 3371 528 3428 late
547 3372 652 3447 patens
672 3372 793 3432 licentia
813 3390 1003 3432 numerorum
1024 3373 1124 3430 oritur
1148 3393 1165 3430 a

200 3454 296 3529 spatio
317 3471 349 3512 ac
374 3454 556 3529 proprietate
581 3453 738 3513 verborum
765 3457 872 3533 quibus
892 3458 1028 3517 constant
1047 3475 1165 3518 versus.
