2468 4036
23 252 68 320 u]
260 275 265 284 «
443 244 551 301 nisan
572 244 634 298 un.
977 236 1020 302 4²

27 412 202 496 Aptaque
224 408 276 473 rel
298 409 394 473 cantu
415 409 538 472 veteres
558 408 682 471 mutare
703 405 836 491 figuras:

29 493 254 561 Cimmerion
275 493 372 556 etiam
394 491 544 556 obscuras
567 489 702 556 accessit
723 490 763 554 ad
785 511 888 574 arces,

33 579 131 656 Quis
154 598 330 660 numquam
352 575 507 641 candente
529 575 597 640 dies
619 575 767 658 adparuit
786 577 873 656 ortu,
987 585 1024 636 os

33 665 113 729 Seu
141 683 238 746 supra
258 663 360 725 terras
381 659 529 726 Phoebus
551 681 608 724 seu
629 661 769 724 curreret
789 657 887 722 infra:

31 747 162 828 Vidit,
184 747 222 810 ut
242 744 368 809 inferno
390 744 537 810 Plutonis
559 743 687 808 subdita
707 763 808 826 regno

35 833 178 916 Magna
200 829 294 894 deum
314 829 420 911 proles
442 827 565 892 levibus
588 827 779 892 discurreret
798 826 936 910 umbris,

35 913 288 996 Praeteriitque
311 913 374 976 cita
396 912 543 978 Sirenum
564 911 660 976 litora
680 910 790 996 puppi.

37 1001 152 1064 Illum
174 998 259 1061 inter
280 997 428 1081 geminae
448 1000 581 1060 nantem
602 996 742 1060 confinia
762 995 875 1060 mortis
988 1005 1026 1056 ἰο

39 1084 122 1148 Neo
146 1080 272 1164 Scyllae
295 1103 388 1145 saevo
411 1081 586 1145 conterruit
607 1080 745 1164 impetus
767 1101 836 1162 ore,

42 1168 137 1233 (rum
161 1165 293 1230 canibus
314 1164 440 1229 rabidas
462 1165 547 1230 inter
567 1164 636 1228 fera
657 1167 798 1248 serperet
819 1163 936 1248 undas,

42 1252 124 1316 Neo
146 1249 289 1314 violenta
310 1269 368 1313 suo
391 1249 590 1332 consumpsit
609 1270 698 1313 more
721 1247 915 1331 Charybdis,

41 1335 114 1399 Vel
138 1335 167 1398 si
189 1333 335 1398 sublimis
355 1333 455 1398 fluctu
476 1336 683 1418 consurgeret
703 1334 769 1397 imo
775 1381 784 1415 ,

43 1419 115 1483 Vel
138 1418 168 1482 si
189 1418 367 1500 interrupto
388 1417 525 1482 nudaret
545 1419 673 1502 gurgite
694 1421 839 1500 pontum.
989 1427 1025 1477 75

45 1503 132 1568 Non
154 1501 274 1566 violata
295 1501 369 1586 vagi
391 1501 545 1565 sileantur
565 1522 684 1585 pascua
705 1499 805 1582 Solis,

48 1587 133 1651 Non
155 1607 246 1649 amor
268 1587 301 1650 et
319 1585 458 1649 fecunda
478 1584 663 1650 Atlantidos
685 1605 760 1648 arva
781 1583 952 1668 Calypsus,

47 1671 145 1735 Finis
169 1673 202 1734 et
224 1669 338 1734 erroris
359 1669 468 1734 miseri
490 1668 647 1735 Phaeacia
670 1669 775 1733 tellus

50 1757 165 1838 Atque
186 1753 266 1818 haec
287 1775 344 1818 seu
364 1757 491 1818 nostras
512 1752 598 1817 inter
619 1755 695 1817 sunt
715 1752 843 1837 cognita
864 1755 979 1835 terras,

49 1838 182 1904 Fabula
202 1838 269 1902 sive
291 1857 411 1902 novum
432 1836 521 1902 dedit
540 1837 591 1900 his
614 1837 773 1901 erroribus
796 1836 920 1920 orbem,
989 1848 1025 1898 80

51 1923 104 1988 Sit
126 1922 221 1986 labor
241 1921 343 2005 illius,
365 1925 421 1985 tua
442 1922 517 1986 dum
537 1920 702 2003 facundia,
725 1920 835 1986 maior.

95 2007 170 2071 Iam
190 2007 223 2070 te
243 2025 311 2070 non
333 2006 413 2072 alius
435 2006 513 2070 belli
533 2008 623 2070 tenet
644 2005 749 2090 aptius
771 2008 870 2087 artes,

53 2091 126 2166 Qua
150 2089 261 2155 deceat
281 2091 384 2154 tutam
405 2090 517 2155 eastris
538 2090 731 2174 praeducere
752 2089 885 2172 fossam,

55 2175 203 2250 Qualiter
225 2173 374 2239 adversos
396 2173 483 2238 hosti
504 2173 642 2260 defigere
664 2194 788 2257 cervos,

55 2259 199 2334 Quemre
221 2259 328 2323 locum
351 2257 446 2324 ducto
468 2259 582 2322 melius
604 2259 648 2322 sit
669 2258 813 2323 claudere
835 2258 936 2340 vallo,
989 2267 1026 2319 85

55 2341 213 2408 Fontibus
233 2344 272 2407 ut
292 2341 401 2414 dulces
424 2346 570 2427 erumpat
588 2345 674 2407 terra
695 2343 849 2427 liquores,

54 2426 102 2490 Vt
123 2425 290 2510 facilisque
311 2427 376 2490 tuis
398 2427 502 2490 aditus
525 2428 568 2492 sit
589 2430 621 2492 et
642 2427 758 2492 arduus
780 2427 881 2509 hosti,

55 2510 175 2574 Laudis
197 2513 229 2576 et
251 2509 382 2575 adsiduo
403 2511 511 2596 rigeat
532 2513 705 2576 certamine
725 2512 828 2577 miles.

59 2595 138 2669 Quis
161 2595 322 2659 tardamve
344 2594 455 2660 sudem
475 2595 589 2660 melius
612 2597 784 2661 celeremve
806 2594 956 2679 sagittam

58 2677 174 2743 lecerit
194 2682 250 2742 aut
270 2679 358 2744 lento
379 2680 569 2766 perfregerit
590 2679 684 2743 obvia
704 2679 795 2762 pilo?
989 2690 1024 2740 90

56 2763 124 2826 Aut
138 2762 208 2846 quis
224 2784 341 2846 equum
361 2764 496 2828 celerem
511 2765 647 2848 angusto
663 2783 853 2846 conpescere
867 2762 959 2825 freno

57 2845 166 2911 Possit
187 2849 220 2911 et
241 2847 358 2911 effusas
379 2848 471 2912 tardo
493 2847 677 2930 permittere
699 2846 854 2928 habenas,

57 2928 160 3015 Inque
180 2931 284 2996 vicem
305 2932 401 2995 modo
424 2931 544 2996 directo
568 2931 760 2995 contendere
780 2951 891 3014 passu,

59 3014 120 3080 Seu
142 3015 257 3098 libeat,
280 3037 375 3080 curro
398 3016 524 3080 brevius
547 3018 731 3079 convertere
752 3035 848 3098 gyro,

59 3097 136 3173 Quis
182 3119 283 3182 arma,
306 3121 363 3164 seu
384 3099 496 3164 dextra
516 3098 594 3163 velit
614 3120 670 3163 seu
691 3099 796 3181 laeva,
817 3098 914 3182 tueri,
989 3111 1026 3161 95

59 3180 131 3248 Sive
152 3121 213 3248 liae
235 3184 301 3249 sive
322 3184 398 3249 illac
419 3185 527 3249 veniat
548 3184 654 3267 gravis
678 3183 816 3267 impetus
839 3182 965 3266 hastae,

58 3267 188 3350 Aptior,
211 3271 267 3331 aut
288 3266 314 3332 si
363 3271 416 3332 ata
437 3269 500 3333 cita
520 3269 591 3332 loca
612 3272 745 3352 tangere
766 3265 887 3332 fimda‘?

58 3347 126 3415 lam
149 3351 244 3416 simul
266 3290 396 3417 audiidis
417 3354 547 3418 venient
569 3353 741 3418 certamina
762 3352 888 3436 Martis,

59 3434 270 3519 adversisque
292 3439 409 3521 parent
429 3438 512 3501 acies
535 3459 721 3502 concurrere
743 3437 860 3520 signia,

5 3603 6 3614 ἵ
59 3515 140 3584 'lum
160 3521 221 3584 tibi
242 3541 311 3586 non
333 3521 416 3586 desit
436 3521 550 3586 faeiem
573 3541 753 3606 conponere
773 3540 915 3605 pugnae,
974 3529 1027 3578 100
