2468 4036
208 257 251 321 22
624 260 768 318 TJBVLLI
1147 266 1192 336 [x

272 423 350 491 Non
372 444 474 507 arces,
496 445 563 488 non
585 424 687 488 vallus
710 426 792 506 erat,
816 445 1029 508 somnumque
1050 427 1192 510 petebat

224 519 257 572 10
315 508 450 574 Securus
471 510 574 579 varias
597 509 660 572 dux
722 509 789 593 egis
812 508 896 574 inter
918 531 1002 575 oves,

273 593 363 658 Tunc
384 593 464 656 mihi
484 594 553 657 uita
573 593 658 657 foret
700 593 796 676 ulcis,
818 615 878 658 neo
899 595 1006 658 tristia
1028 615 1171 659 nossem

314 678 415 742 Arma
435 699 495 742 nec
518 677 677 742 audissem
699 677 793 742 corde
815 679 954 742 micante
975 679 1113 743 tubam:

271 762 367 828 Nunc
389 763 428 827 ad
450 762 535 826 bella
556 761 681 845 trahor,
704 766 737 826 et
750 762 815 826 iam
831 763 901 846 quis
921 762 1063 827 forsitan
1079 763 1189 828 hostis

316 846 461 912 Haesura
482 847 517 909 in
537 849 648 910 nostro
671 846 736 910 tela
757 847 842 932 gerit
861 847 968 911 latere.

225 943 257 994 15
273 930 335 997 Sed
356 932 453 1014 patrii
476 934 599 996 servate
620 931 732 995 Lares:
756 931 879 995 aluistis
902 935 935 996 et
955 931 1057 1014 idem,

316 1013 486 1080 Cursarem
508 1018 631 1079 vestros
654 1035 726 1079 cum
747 1019 838 1079 tener
859 1017 934 1080 ante
955 1017 1066 1099 pedes.

167 1137 175 1152 ·
272 1097 346 1164 Neu
367 1099 485 1182 pudeat
505 1101 611 1184 prisco
633 1120 690 1163 vos
713 1121 781 1164 esse
804 1122 821 1164 e
843 1100 950 1184 stipite
972 1101 1099 1166 iactos:

317 1183 369 1246 Sic
390 1183 505 1246 veteris
528 1185 618 1248 sedes
640 1184 821 1248 incoluistis
843 1185 903 1248 avi.

274 1266 356 1331 Tum
377 1267 491 1331 melius
512 1269 642 1332 tenuere
664 1267 772 1352 fidem,
796 1290 868 1334 oum
889 1289 1027 1352 paupere
1050 1271 1147 1333 cultu

224 1363 258 1412 20
316 1351 428 1414 Stabat
449 1351 485 1414 in
506 1353 620 1436 exigua
641 1353 768 1437 ligneus
790 1353 867 1416 aede
889 1354 974 1416 deus.

275 1433 339 1498 Hic
360 1435 503 1518 placatus
526 1440 607 1520 erat,
629 1457 685 1501 seu
708 1439 778 1520 quis
799 1437 955 1501 libaverat
975 1459 1088 1520 uvam,

319 1519 382 1584 Seu
403 1520 533 1584 dederat
555 1523 683 1585 sanotae
706 1523 813 1605 spicea
834 1524 918 1586 serta
939 1543 1065 1586 comae:

274 1605 381 1688 Atque
404 1605 519 1689 aliquis
541 1607 609 1669 voti
631 1627 762 1690 compos
783 1606 849 1670 liba
869 1607 938 1690 ipse
959 1605 1086 1670 ferebat

317 1688 458 1772 Postque
481 1711 587 1754 comes
600 1712 723 1838 Iprmum
744 1691 810 1754 filia
831 1712 929 1774 parvo
949 1690 1068 1755 favum.

224 1784 258 1834 25
272 1773 319 1837 At
339 1773 433 1838 nobis
456 1777 579 1858 aerata,
628 1797 711 1858 ares,
735 1775 885 1858 depellite
905 1774 986 1860 tela,

557 1901 575 1940 ‘l‘
804 1901 822 1940 3

681 1948 699 1988 ’lt

318 2025 497 2112 Hostiaque
520 2050 537 2092 e
558 2029 655 2112 plena
675 2029 794 2093 rustice
814 2050 930 2114 porcus
950 2027 1039 2093 hara.

274 2109 368 2176 Hanc
389 2135 468 2197 pura
490 2134 562 2177 cum
583 2117 672 2178 veste
695 2135 808 2197 sequar
829 2115 996 2197 myrtoque
1018 2113 1165 2178 canistra

318 2194 437 2260 Vincta
458 2219 582 2281 geram,
604 2199 709 2281 myrto
731 2199 857 2262 vinctus
880 2198 1002 2282 etipse
1024 2203 1134 2281 caput.

277 2277 329 2343 Sic
350 2279 492 2362 placeam
514 2282 622 2346 vobis:
645 2282 725 2346 alius
748 2283 791 2346 sit
811 2283 904 2347 fortis
925 2281 960 2346 in
982 2283 1093 2366 armis,

226 2375 261 2424 30
318 2361 448 2454 ¹Sternat
470 2367 502 2428 et
523 2366 671 2430 adversos
693 2367 796 2431 Marte
817 2368 944 2431 favente
966 2365 1078 2450 duces,

276 2445 322 2510 Vt
343 2447 421 2510 milri
443 2449 569 2532 potanti
590 2451 693 2534 possit
715 2473 771 2516 sua
792 2451 897 2516 dicere
918 2451 1004 2515 fecta

318 2531 413 2596 Miles
436 2536 468 2597 et
489 2533 524 2597 in
545 2556 657 2598 mensa
677 2535 810 2620 pingere
834 2538 936 2600 castra
957 2557 1057 2600 mero.

277 2615 355 2691 Quis
377 2617 466 2682 furor
487 2621 537 2684 est
558 2621 659 2684 atram
682 2620 773 2684 bellis
796 2641 953 2684 arcessere
974 2619 1138 2683 mortem?

319 2699 460 2768 Inminet
483 2706 515 2766 et
535 2705 633 2768 tacito
656 2704 739 2768 clam
760 2705 849 2768 venit
869 2704 926 2768 illa
946 2704 1035 2788 pede.

227 2796 260 2846 35
276 2783 352 2851 Non
374 2809 465 2872 seges
489 2790 537 2852 est
558 2789 642 2851 infra
648 2837 657 2870 ,
680 2810 747 2852 non
768 2789 860 2853 vinea
882 2789 981 2870 culta,
1005 2787 1061 2852 sed
1077 2787 1183 2852 audax

320 2870 475 2937 Cerberus
499 2875 531 2936 et
553 2872 681 2958 Stygiae
702 2874 811 2937 navita
832 2873 934 2956 turpis
955 2893 1072 2956 aquae:

276 2955 347 3020 Illic
368 2956 596 3040 perscissisque
618 2957 710 3041 genis
731 2960 867 3040 ustoque
890 2957 1005 3040 capillo

318 3040 414 3104 Errat
436 3040 477 3104 ad
498 3041 650 3106 obscuros
672 3042 792 3125 pallida
811 3042 907 3106 turba
928 3041 1026 3106 lacus

277 3122 379 3196 Quam
393 3126 500 3222 potius
516 3125 694 3190 laudandus
709 3127 762 3190 hio
777 3130 834 3209 est,
850 3147 945 3210 quem
960 3127 1052 3209 prole
1068 3127 1183 3209 parata

100 3245 107 3252 ,
225 3215 261 3267 40
319 3207 462 3292 Occupat
483 3209 518 3272 in
538 3232 637 3292 parva
657 3209 751 3296 pigra
773 3214 901 3276 senecta
923 3211 1010 3274 casa!

275 3289 349 3374 Ipse
372 3313 443 3355 suas
466 3296 605 3357 sectatur
627 3315 716 3378 oves,
740 3295 878 3359 attilius
902 3315 1019 3378 agnos,

317 3374 362 3438 Et
383 3376 519 3440 calidam
541 3377 627 3441 fesso
651 3377 904 3461 conparatuxor
926 3399 1050 3461 aquam.

277 3457 330 3524 Sic
353 3480 413 3544 ego
437 3460 511 3542 sim,
534 3459 690 3542 liceatque
713 3466 808 3545 caput
830 3459 1018 3526 candescere
1042 3464 1151 3549 canis,

318 3543 485 3628 Temporis
509 3546 541 3608 et
561 3543 659 3626 prisci
681 3545 766 3609 facta
787 3546 904 3610 referre
927 3567 1046 3612 senem.
