<?xml version="1.0" encoding="UTF-8"?>
<!DOCTYPE html PUBLIC "-//W3C//DTD XHTML 1.0 Transitional//EN"
    "http://www.w3.org/TR/xhtml1/DTD/xhtml1-transitional.dtd">
<html xmlns="http://www.w3.org/1999/xhtml" xml:lang="en" lang="en">
 <head>
  <title>
</title>
<meta http-equiv="Content-Type" content="text/html;charset=utf-8" />
  <meta name='ocr-system' content='tesseract 3.04.00' />
  <meta name='ocr-capabilities' content='ocr_page ocr_carea ocr_par ocr_line ocrx_word'/>
</head>
<body>
  <div class='ocr_page' id='page_1' title='image "./catvllitibvllip00priagoog_0102.png"; bbox 0 0 2470 4010; ppageno 0'>
   <div class='ocr_carea' id='block_1_1' title="bbox 207 206 1087 1671">
    <p class='ocr_par' dir='ltr' id='par_1_1' title="bbox 207 206 1087 1671">
     <span class='ocr_line' id='line_1_1' title="bbox 600 206 754 265; baseline -0.006 0"><span class='ocrx_word' id='word_1_1' title='bbox 600 206 754 265; x_wconf 73' lang='lat' dir='ltr'>CATVLLI</span> 
     </span>
     <span class='ocr_line' id='line_1_2' title="bbox 665 340 753 375; baseline 0 0"><span class='ocrx_word' id='word_1_2' title='bbox 665 341 668 346; x_wconf 81' lang='lat'>&#39;</span> <span class='ocrx_word' id='word_1_3' title='bbox 734 340 753 375; x_wconf 64' lang='lat'>»1</span> 
     </span>
     <span class='ocr_line' id='line_1_3' title="bbox 627 374 725 449; baseline 0.01 -1"><span class='ocrx_word' id='word_1_4' title='bbox 627 374 725 449; x_wconf 87' lang='lat' dir='ltr'>XJlI.</span> 
     </span>
     <span class='ocr_line' id='line_1_4' title="bbox 281 489 953 573; baseline -0.004 -16"><span class='ocrx_word' id='word_1_5' title='bbox 281 490 418 558; x_wconf 80' lang='lat' dir='ltr'>Cenabis</span> <span class='ocrx_word' id='word_1_6' title='bbox 440 490 536 573; x_wconf 91' lang='lat' dir='ltr'>bene,</span> <span class='ocrx_word' id='word_1_7' title='bbox 559 490 604 554; x_wconf 91' lang='lat' dir='ltr'>mi</span> <span class='ocrx_word' id='word_1_8' title='bbox 625 489 773 566; x_wconf 85' lang='lat' dir='ltr'>Fabulle,</span> <span class='ocrx_word' id='word_1_9' title='bbox 797 489 881 572; x_wconf 89' lang='lat' dir='ltr'>apud</span> <span class='ocrx_word' id='word_1_10' title='bbox 902 511 953 554; x_wconf 88' lang='lat' dir='ltr'>me</span> 
     </span>
     <span class='ocr_line' id='line_1_5' title="bbox 280 573 892 658; baseline -0.008 -17"><span class='ocrx_word' id='word_1_11' title='bbox 280 576 410 658; x_wconf 86' lang='lat' dir='ltr'>Paucis,</span> <span class='ocrx_word' id='word_1_12' title='bbox 434 575 462 638; x_wconf 91' lang='lat' dir='ltr'>si</span> <span class='ocrx_word' id='word_1_13' title='bbox 483 574 543 638; x_wconf 81' lang='lat' dir='ltr'>libi</span> <span class='ocrx_word' id='word_1_14' title='bbox 566 575 598 638; x_wconf 94' lang='lat' dir='ltr'>di</span> <span class='ocrx_word' id='word_1_15' title='bbox 619 575 744 655; x_wconf 74' lang='lat' dir='ltr'>favent,</span> <span class='ocrx_word' id='word_1_16' title='bbox 767 573 892 658; x_wconf 72' lang='lat' dir='ltr'>diebuS,</span> 
     </span>
     <span class='ocr_line' id='line_1_6' title="bbox 282 659 1043 744; baseline -0.001 -19"><span class='ocrx_word' id='word_1_17' title='bbox 282 660 317 726; x_wconf 83' lang='lat' dir='ltr'>Si</span> <span class='ocrx_word' id='word_1_18' title='bbox 339 663 445 724; x_wconf 81' lang='lat' dir='ltr'>lecum</span> <span class='ocrx_word' id='word_1_19' title='bbox 467 659 612 723; x_wconf 72' lang='lat' dir='ltr'><strong>attuleris</strong></span> <span class='ocrx_word' id='word_1_20' title='bbox 633 659 753 721; x_wconf 91' lang='lat' dir='ltr'>bonam</span> <span class='ocrx_word' id='word_1_21' title='bbox 775 661 868 741; x_wconf 79' lang='lat' dir='ltr'>abque</span> <span class='ocrx_word' id='word_1_22' title='bbox 889 681 1043 744; x_wconf 84' lang='lat' dir='ltr'>magnam</span> 
     </span>
     <span class='ocr_line' id='line_1_7' title="bbox 282 742 883 827; baseline -0.005 -18"><span class='ocrx_word' id='word_1_23' title='bbox 282 744 417 827; x_wconf 82' lang='lat' dir='ltr'>Cenem,</span> <span class='ocrx_word' id='word_1_24' title='bbox 440 765 507 807; x_wconf 91' lang='lat' dir='ltr'>non</span> <span class='ocrx_word' id='word_1_25' title='bbox 530 744 598 806; x_wconf 92' lang='lat' dir='ltr'>sine</span> <span class='ocrx_word' id='word_1_26' title='bbox 621 742 756 807; x_wconf 89' lang='lat' dir='ltr'>eandida</span> <span class='ocrx_word' id='word_1_27' title='bbox 777 742 883 827; x_wconf 87' lang='lat' dir='ltr'>puella</span> 
     </span>
     <span class='ocr_line' id='line_1_8' title="bbox 207 826 982 893; baseline 0.001 -2"><span class='ocrx_word' id='word_1_28' title='bbox 207 841 226 891; x_wconf 77' lang='lat'><strong>5</strong></span> <span class='ocrx_word' id='word_1_29' title='bbox 278 829 324 893; x_wconf 77' lang='lat' dir='ltr'>Et</span> <span class='ocrx_word' id='word_1_30' title='bbox 345 831 419 893; x_wconf 79' lang='lat' dir='ltr'>vino</span> <span class='ocrx_word' id='word_1_31' title='bbox 442 831 474 891; x_wconf 79' lang='lat' dir='ltr'>el</span> <span class='ocrx_word' id='word_1_32' title='bbox 496 827 561 891; x_wconf 86' lang='lat' dir='ltr'>sale</span> <span class='ocrx_word' id='word_1_33' title='bbox 585 830 617 890; x_wconf 80' lang='lat' dir='ltr'>el</span> <span class='ocrx_word' id='word_1_34' title='bbox 638 827 786 890; x_wconf 90' lang='lat' dir='ltr'>omnibus</span> <span class='ocrx_word' id='word_1_35' title='bbox 810 826 982 892; x_wconf 83' lang='lat' dir='ltr'>cachinnis.</span> 
     </span>
     <span class='ocr_line' id='line_1_9' title="bbox 280 911 1087 998; baseline 0 -20"><span class='ocrx_word' id='word_1_36' title='bbox 280 913 370 978; x_wconf 86' lang='lat' dir='ltr'>Haeo</span> <span class='ocrx_word' id='word_1_37' title='bbox 393 913 434 995; x_wconf 90' lang='lat' dir='ltr'>si,</span> <span class='ocrx_word' id='word_1_38' title='bbox 457 913 602 994; x_wconf 86' lang='lat' dir='ltr'>inquam,</span> <span class='ocrx_word' id='word_1_39' title='bbox 627 911 785 993; x_wconf 71' lang='lat' dir='ltr'><strong>attuleris,</strong></span> <span class='ocrx_word' id='word_1_40' title='bbox 807 915 939 977; x_wconf 80' lang='lat' dir='ltr'>venusbe</span> <span class='ocrx_word' id='word_1_41' title='bbox 961 914 1087 998; x_wconf 73' lang='lat' dir='ltr'>noster,</span> 
     </span>
     <span class='ocr_line' id='line_1_10' title="bbox 283 993 845 1062; baseline -0.005 0"><span class='ocrx_word' id='word_1_42' title='bbox 283 997 420 1062; x_wconf 77' lang='lat' dir='ltr'>Cenabis</span> <span class='ocrx_word' id='word_1_43' title='bbox 442 997 537 1060; x_wconf 90' lang='lat' dir='ltr'>bene:</span> <span class='ocrx_word' id='word_1_44' title='bbox 560 1018 634 1060; x_wconf 92' lang='lat' dir='ltr'>nam</span> <span class='ocrx_word' id='word_1_45' title='bbox 655 995 704 1058; x_wconf 83' lang='lat' dir='ltr'>lui</span> <span class='ocrx_word' id='word_1_46' title='bbox 727 993 845 1060; x_wconf 79' lang='lat' dir='ltr'>Catulli</span> 
     </span>
     <span class='ocr_line' id='line_1_11' title="bbox 282 1081 858 1146; baseline -0.003 0"><span class='ocrx_word' id='word_1_47' title='bbox 282 1082 400 1146; x_wconf 90' lang='lat' dir='ltr'>Plenus</span> <span class='ocrx_word' id='word_1_48' title='bbox 423 1081 568 1144; x_wconf 76' lang='lat' dir='ltr'>saeculus</span> <span class='ocrx_word' id='word_1_49' title='bbox 591 1083 640 1144; x_wconf 75' lang='lat' dir='ltr'>est</span> <span class='ocrx_word' id='word_1_50' title='bbox 663 1101 858 1144; x_wconf 87' lang='lat' dir='ltr'>aranearum.</span> 
     </span>
     <span class='ocr_line' id='line_1_12' title="bbox 283 1165 908 1249; baseline -0.002 -18"><span class='ocrx_word' id='word_1_51' title='bbox 283 1165 345 1231; x_wconf 82' lang='lat' dir='ltr'>Sed</span> <span class='ocrx_word' id='word_1_52' title='bbox 368 1168 479 1230; x_wconf 77' lang='lat' dir='ltr'>eontra</span> <span class='ocrx_word' id='word_1_53' title='bbox 500 1165 636 1249; x_wconf 76' lang='lat' dir='ltr'>accipies</span> <span class='ocrx_word' id='word_1_54' title='bbox 658 1185 763 1228; x_wconf 90' lang='lat' dir='ltr'>meros</span> <span class='ocrx_word' id='word_1_55' title='bbox 786 1184 908 1230; x_wconf 88' lang='lat' dir='ltr'>amores</span> 
     </span>
     <span class='ocr_line' id='line_1_13' title="bbox 282 1249 876 1334; baseline -0.002 -19"><span class='ocrx_word' id='word_1_56' title='bbox 282 1253 345 1315; x_wconf 82' lang='lat' dir='ltr'>Seu</span> <span class='ocrx_word' id='word_1_57' title='bbox 367 1250 442 1334; x_wconf 90' lang='lat' dir='ltr'>quid</span> <span class='ocrx_word' id='word_1_58' title='bbox 464 1249 590 1313; x_wconf 83' lang='lat' dir='ltr'>suavius</span> <span class='ocrx_word' id='word_1_59' title='bbox 614 1249 876 1332; x_wconf 73' lang='lat' dir='ltr'>elegantiusvesbr</span> 
     </span>
     <span class='ocr_line' id='line_1_14' title="bbox 282 1333 1076 1420; baseline 0 -20"><span class='ocrx_word' id='word_1_60' title='bbox 282 1335 368 1400; x_wconf 85' lang='lat' dir='ltr'>Nam</span> <span class='ocrx_word' id='word_1_61' title='bbox 389 1336 588 1414; x_wconf 71' lang='lat' dir='ltr'>unguentum</span> <span class='ocrx_word' id='word_1_62' title='bbox 610 1333 708 1415; x_wconf 86' lang='lat' dir='ltr'>dabo,</span> <span class='ocrx_word' id='word_1_63' title='bbox 732 1333 817 1416; x_wconf 90' lang='lat' dir='ltr'>quod</span> <span class='ocrx_word' id='word_1_64' title='bbox 838 1355 926 1398; x_wconf 90' lang='lat' dir='ltr'>meae</span> <span class='ocrx_word' id='word_1_65' title='bbox 948 1335 1076 1420; x_wconf 90' lang='lat' dir='ltr'>puellae</span> 
     </span>
     <span class='ocr_line' id='line_1_15' title="bbox 282 1417 891 1501; baseline -0.003 -17"><span class='ocrx_word' id='word_1_66' title='bbox 282 1419 455 1484; x_wconf 81' lang='lat' dir='ltr'>Donarunl</span> <span class='ocrx_word' id='word_1_67' title='bbox 476 1418 617 1482; x_wconf 86' lang='lat' dir='ltr'>Veneres</span> <span class='ocrx_word' id='word_1_68' title='bbox 641 1417 891 1501; x_wconf 80' lang='lat' dir='ltr'>Cupidinesque,</span> 
     </span>
     <span class='ocr_line' id='line_1_16' title="bbox 284 1501 960 1587; baseline 0 -21"><span class='ocrx_word' id='word_1_69' title='bbox 284 1502 376 1578; x_wconf 83' lang='lat' dir='ltr'>Quod</span> <span class='ocrx_word' id='word_1_70' title='bbox 397 1505 433 1565; x_wconf 82' lang='lat' dir='ltr'>lu</span> <span class='ocrx_word' id='word_1_71' title='bbox 456 1523 527 1566; x_wconf 86' lang='lat' dir='ltr'>oum</span> <span class='ocrx_word' id='word_1_72' title='bbox 550 1502 695 1584; x_wconf 76' lang='lat' dir='ltr'>olfaeieS,</span> <span class='ocrx_word' id='word_1_73' title='bbox 719 1501 794 1565; x_wconf 88' lang='lat' dir='ltr'>deos</span> <span class='ocrx_word' id='word_1_74' title='bbox 816 1502 960 1587; x_wconf 83' lang='lat' dir='ltr'>rogabis,</span> 
     </span>
     <span class='ocr_line' id='line_1_17' title="bbox 284 1585 985 1671; baseline 0.003 -21"><span class='ocrx_word' id='word_1_75' title='bbox 284 1586 401 1652; x_wconf 73' lang='lat' dir='ltr'>Totum</span> <span class='ocrx_word' id='word_1_76' title='bbox 422 1587 459 1649; x_wconf 81' lang='lat' dir='ltr'>ub</span> <span class='ocrx_word' id='word_1_77' title='bbox 479 1590 511 1649; x_wconf 79' lang='lat' dir='ltr'>le</span> <span class='ocrx_word' id='word_1_78' title='bbox 534 1585 668 1669; x_wconf 72' lang='lat' dir='ltr'>faciani,</span> <span class='ocrx_word' id='word_1_79' title='bbox 690 1585 839 1671; x_wconf 86' lang='lat' dir='ltr'>Fabulle,</span> <span class='ocrx_word' id='word_1_80' title='bbox 863 1610 985 1652; x_wconf 90' lang='lat' dir='ltr'>nasum.</span> 
     </span>
    </p>
   </div>
   <div class='ocr_carea' id='block_1_2' title="bbox 621 1757 769 1848">
    <p class='ocr_par' dir='ltr' id='par_1_2' title="bbox 621 1757 769 1848">
     <span class='ocr_line' id='line_1_18' title="bbox 621 1757 769 1848; baseline -0.007 0"><span class='ocrx_word' id='word_1_81' title='bbox 621 1757 769 1848; x_wconf 61' lang='lat' dir='ltr'>XHHJ‘</span> 
     </span>
    </p>
   </div>
   <div class='ocr_carea' id='block_1_3' title="bbox 162 1890 1150 3571">
    <p class='ocr_par' dir='ltr' id='par_1_3' title="bbox 283 1890 876 1975">
     <span class='ocr_line' id='line_1_19' title="bbox 283 1890 876 1975; baseline -0.012 -15"><span class='ocrx_word' id='word_1_82' title='bbox 283 1891 381 1960; x_wconf 80' lang='lat' dir='ltr'>Nile</span> <span class='ocrx_word' id='word_1_83' title='bbox 403 1892 475 1975; x_wconf 90' lang='lat' dir='ltr'>plus</span> <span class='ocrx_word' id='word_1_84' title='bbox 498 1890 598 1957; x_wconf 85' lang='lat' dir='ltr'>oculis</span> <span class='ocrx_word' id='word_1_85' title='bbox 621 1891 700 1953; x_wconf 90' lang='lat' dir='ltr'>meis</span> <span class='ocrx_word' id='word_1_86' title='bbox 723 1911 876 1973; x_wconf 90' lang='lat' dir='ltr'>amarem,</span> 
     </span>
    </p>

    <p class='ocr_par' dir='ltr' id='par_1_4' title="bbox 216 1975 1150 2649">
     <span class='ocr_line' id='line_1_20' title="bbox 216 1975 884 2057; baseline 0.001 -21"><span class='ocrx_word' id='word_1_87' title='bbox 216 2031 218 2036; x_wconf 90' lang='lat'><em>.</em></span> <span class='ocrx_word' id='word_1_88' title='bbox 283 1977 513 2041; x_wconf 88' lang='lat' dir='ltr'>Iooundissime</span> <span class='ocrx_word' id='word_1_89' title='bbox 537 1975 647 2057; x_wconf 82' lang='lat' dir='ltr'>Calve,</span> <span class='ocrx_word' id='word_1_90' title='bbox 670 1996 801 2039; x_wconf 91' lang='lat' dir='ltr'>munere</span> <span class='ocrx_word' id='word_1_91' title='bbox 823 1975 884 2037; x_wconf 77' lang='lat' dir='ltr'>islo</span> 
     </span>
     <span class='ocr_line' id='line_1_21' title="bbox 285 2059 790 2124; baseline -0.002 -1"><span class='ocrx_word' id='word_1_92' title='bbox 285 2059 430 2123; x_wconf 85' lang='lat' dir='ltr'>Odissem</span> <span class='ocrx_word' id='word_1_93' title='bbox 452 2063 484 2122; x_wconf 76' lang='lat' dir='ltr'>le</span> <span class='ocrx_word' id='word_1_94' title='bbox 507 2059 579 2123; x_wconf 91' lang='lat' dir='ltr'>odio</span> <span class='ocrx_word' id='word_1_95' title='bbox 603 2059 790 2124; x_wconf 76' lang='lat' dir='ltr'>Vatiniano:</span> 
     </span>
     <span class='ocr_line' id='line_1_22' title="bbox 284 2142 1029 2228; baseline 0 -19"><span class='ocrx_word' id='word_1_96' title='bbox 284 2144 370 2209; x_wconf 88' lang='lat' dir='ltr'>Nam</span> <span class='ocrx_word' id='word_1_97' title='bbox 392 2143 468 2227; x_wconf 89' lang='lat' dir='ltr'>quid</span> <span class='ocrx_word' id='word_1_98' title='bbox 490 2143 552 2207; x_wconf 86' lang='lat' dir='ltr'>feei</span> <span class='ocrx_word' id='word_1_99' title='bbox 575 2165 634 2228; x_wconf 83' lang='lat' dir='ltr'>ego</span> <span class='ocrx_word' id='word_1_100' title='bbox 658 2142 772 2226; x_wconf 83' lang='lat' dir='ltr'>quidve</span> <span class='ocrx_word' id='word_1_101' title='bbox 795 2165 864 2207; x_wconf 91' lang='lat' dir='ltr'>sum</span> <span class='ocrx_word' id='word_1_102' title='bbox 887 2143 1029 2227; x_wconf 79' lang='lat' dir='ltr'>loculus,</span> 
     </span>
     <span class='ocr_line' id='line_1_23' title="bbox 285 2227 915 2310; baseline -0.003 -18"><span class='ocrx_word' id='word_1_103' title='bbox 285 2227 349 2292; x_wconf 89' lang='lat' dir='ltr'>Cur</span> <span class='ocrx_word' id='word_1_104' title='bbox 371 2249 422 2290; x_wconf 89' lang='lat' dir='ltr'>me</span> <span class='ocrx_word' id='word_1_105' title='bbox 443 2229 493 2290; x_wconf 82' lang='lat' dir='ltr'>lob</span> <span class='ocrx_word' id='word_1_106' title='bbox 513 2228 597 2290; x_wconf 89' lang='lat' dir='ltr'>male</span> <span class='ocrx_word' id='word_1_107' title='bbox 618 2228 765 2310; x_wconf 85' lang='lat' dir='ltr'>perderes</span> <span class='ocrx_word' id='word_1_108' title='bbox 788 2227 915 2310; x_wconf 79' lang='lat' dir='ltr'>poetis?</span> 
     </span>
     <span class='ocr_line' id='line_1_24' title="bbox 284 2311 871 2394; baseline 0 -20"><span class='ocrx_word' id='word_1_109' title='bbox 284 2311 344 2375; x_wconf 80' lang='lat' dir='ltr'>Isli</span> <span class='ocrx_word' id='word_1_110' title='bbox 366 2311 399 2374; x_wconf 92' lang='lat' dir='ltr'>di</span> <span class='ocrx_word' id='word_1_111' title='bbox 419 2312 505 2374; x_wconf 87' lang='lat' dir='ltr'>mala</span> <span class='ocrx_word' id='word_1_112' title='bbox 525 2312 627 2374; x_wconf 77' lang='lat' dir='ltr'>mulia</span> <span class='ocrx_word' id='word_1_113' title='bbox 649 2313 725 2376; x_wconf 77' lang='lat' dir='ltr'>deni</span> <span class='ocrx_word' id='word_1_114' title='bbox 747 2311 871 2394; x_wconf 75' lang='lat' dir='ltr'>clienti,</span> 
     </span>
     <span class='ocr_line' id='line_1_25' title="bbox 285 2395 876 2480; baseline 0.003 -22"><span class='ocrx_word' id='word_1_115' title='bbox 285 2395 347 2471; x_wconf 86' lang='lat' dir='ltr'>Qui</span> <span class='ocrx_word' id='word_1_116' title='bbox 368 2398 493 2459; x_wconf 77' lang='lat' dir='ltr'>lantum</span> <span class='ocrx_word' id='word_1_117' title='bbox 514 2396 575 2459; x_wconf 76' lang='lat' dir='ltr'>bibi</span> <span class='ocrx_word' id='word_1_118' title='bbox 596 2396 685 2460; x_wconf 78' lang='lat' dir='ltr'>misit</span> <span class='ocrx_word' id='word_1_119' title='bbox 705 2397 876 2480; x_wconf 89' lang='lat' dir='ltr'>inpiorum.</span> 
     </span>
     <span class='ocr_line' id='line_1_26' title="bbox 285 2479 1150 2566; baseline 0.003 -23"><span class='ocrx_word' id='word_1_120' title='bbox 285 2480 377 2556; x_wconf 83' lang='lat' dir='ltr'>Quod</span> <span class='ocrx_word' id='word_1_121' title='bbox 400 2481 442 2562; x_wconf 88' lang='lat' dir='ltr'>si,</span> <span class='ocrx_word' id='word_1_122' title='bbox 464 2481 501 2544; x_wconf 80' lang='lat' dir='ltr'>ul</span> <span class='ocrx_word' id='word_1_123' title='bbox 522 2480 681 2564; x_wconf 79' lang='lat' dir='ltr'>suspicor,</span> <span class='ocrx_word' id='word_1_124' title='bbox 703 2479 765 2544; x_wconf 88' lang='lat' dir='ltr'>hoo</span> <span class='ocrx_word' id='word_1_125' title='bbox 786 2503 905 2545; x_wconf 88' lang='lat' dir='ltr'>novum</span> <span class='ocrx_word' id='word_1_126' title='bbox 927 2502 964 2546; x_wconf 84' lang='lat' dir='ltr'>aa</span> <span class='ocrx_word' id='word_1_127' title='bbox 984 2483 1150 2566; x_wconf 69' lang='lat' dir='ltr'>repertum</span> 
     </span>
     <span class='ocr_line' id='line_1_27' title="bbox 284 2563 866 2649; baseline 0.002 -21"><span class='ocrx_word' id='word_1_128' title='bbox 284 2563 401 2628; x_wconf 88' lang='lat' dir='ltr'>Munus</span> <span class='ocrx_word' id='word_1_129' title='bbox 424 2563 479 2628; x_wconf 77' lang='lat' dir='ltr'>dai</span> <span class='ocrx_word' id='word_1_130' title='bbox 499 2564 559 2627; x_wconf 81' lang='lat' dir='ltr'>libi</span> <span class='ocrx_word' id='word_1_131' title='bbox 582 2563 672 2628; x_wconf 83' lang='lat' dir='ltr'>Sulla</span> <span class='ocrx_word' id='word_1_132' title='bbox 690 2565 866 2649; x_wconf 77' lang='lat' dir='ltr'>libleraior,</span> 
     </span>
    </p>

    <p class='ocr_par' dir='ltr' id='par_1_5' title="bbox 162 2648 986 2734">
     <span class='ocr_line' id='line_1_28' title="bbox 162 2648 986 2734; baseline 0.004 -21"><span class='ocrx_word' id='word_1_133' title='bbox 162 2707 168 2720; x_wconf 84' lang='grc'><em>,</em></span> <span class='ocrx_word' id='word_1_134' title='bbox 283 2648 359 2714; x_wconf 88' lang='lat' dir='ltr'>Non</span> <span class='ocrx_word' id='word_1_135' title='bbox 381 2651 430 2713; x_wconf 81' lang='lat' dir='ltr'>esl</span> <span class='ocrx_word' id='word_1_136' title='bbox 449 2649 495 2713; x_wconf 90' lang='lat' dir='ltr'>mi</span> <span class='ocrx_word' id='word_1_137' title='bbox 517 2649 615 2732; x_wconf 89' lang='lat' dir='ltr'>male,</span> <span class='ocrx_word' id='word_1_138' title='bbox 639 2649 695 2714; x_wconf 89' lang='lat' dir='ltr'>sed</span> <span class='ocrx_word' id='word_1_139' title='bbox 717 2650 797 2715; x_wconf 90' lang='lat' dir='ltr'>bene</span> <span class='ocrx_word' id='word_1_140' title='bbox 820 2672 856 2714; x_wconf 85' lang='lat' dir='ltr'>aa</span> <span class='ocrx_word' id='word_1_141' title='bbox 878 2650 986 2734; x_wconf 81' lang='lat' dir='ltr'>beate,</span> 
     </span>
    </p>

    <p class='ocr_par' dir='ltr' id='par_1_6' title="bbox 283 2733 1048 3490">
     <span class='ocr_line' id='line_1_29' title="bbox 284 2733 894 2817; baseline -0.008 -19"><span class='ocrx_word' id='word_1_142' title='bbox 284 2733 377 2810; x_wconf 79' lang='lat' dir='ltr'>Quod</span> <span class='ocrx_word' id='word_1_143' title='bbox 397 2755 464 2798; x_wconf 90' lang='lat' dir='ltr'>non</span> <span class='ocrx_word' id='word_1_144' title='bbox 486 2733 670 2817; x_wconf 73' lang='lat' dir='ltr'>dispereunt</span> <span class='ocrx_word' id='word_1_145' title='bbox 690 2734 738 2797; x_wconf 82' lang='lat' dir='ltr'>lui</span> <span class='ocrx_word' id='word_1_146' title='bbox 760 2734 894 2798; x_wconf 89' lang='lat' dir='ltr'>labores.</span> 
     </span>
     <span class='ocr_line' id='line_1_30' title="bbox 284 2817 1048 2904; baseline 0 -20"><span class='ocrx_word' id='word_1_147' title='bbox 284 2819 326 2884; x_wconf 91' lang='lat' dir='ltr'>Di</span> <span class='ocrx_word' id='word_1_148' title='bbox 348 2819 472 2904; x_wconf 81' lang='lat' dir='ltr'>magni,</span> <span class='ocrx_word' id='word_1_149' title='bbox 495 2817 681 2883; x_wconf 89' lang='lat' dir='ltr'>horribilem</span> <span class='ocrx_word' id='word_1_150' title='bbox 703 2820 735 2882; x_wconf 83' lang='lat' dir='ltr'>eb</span> <span class='ocrx_word' id='word_1_151' title='bbox 757 2839 881 2883; x_wconf 88' lang='lat' dir='ltr'>saerum</span> <span class='ocrx_word' id='word_1_152' title='bbox 902 2819 1048 2884; x_wconf 90' lang='lat' dir='ltr'>libellum</span> 
     </span>
     <span class='ocr_line' id='line_1_31' title="bbox 286 2901 945 2981; baseline -0.003 -13"><span class='ocrx_word' id='word_1_153' title='bbox 286 2905 386 2981; x_wconf 81' lang='lat' dir='ltr'>Quem</span> <span class='ocrx_word' id='word_1_154' title='bbox 407 2908 444 2968; x_wconf 80' lang='lat' dir='ltr'>lu</span> <span class='ocrx_word' id='word_1_155' title='bbox 466 2903 587 2968; x_wconf 82' lang='lat' dir='ltr'>seilioeb</span> <span class='ocrx_word' id='word_1_156' title='bbox 609 2903 648 2967; x_wconf 88' lang='lat' dir='ltr'>ad</span> <span class='ocrx_word' id='word_1_157' title='bbox 670 2906 761 2967; x_wconf 77' lang='lat' dir='ltr'>buum</span> <span class='ocrx_word' id='word_1_158' title='bbox 784 2901 945 2968; x_wconf 80' lang='lat' dir='ltr'>Calullum</span> 
     </span>
     <span class='ocr_line' id='line_1_32' title="bbox 283 2987 849 3072; baseline -0.004 -20"><span class='ocrx_word' id='word_1_159' title='bbox 283 2989 388 3072; x_wconf 81' lang='lat' dir='ltr'>Misli,</span> <span class='ocrx_word' id='word_1_160' title='bbox 412 2988 564 3054; x_wconf 75' lang='lat' dir='ltr'>continuo</span> <span class='ocrx_word' id='word_1_161' title='bbox 586 2991 623 3052; x_wconf 82' lang='lat' dir='ltr'>ul</span> <span class='ocrx_word' id='word_1_162' title='bbox 644 2987 695 3052; x_wconf 89' lang='lat' dir='ltr'>die</span> <span class='ocrx_word' id='word_1_163' title='bbox 717 2987 849 3072; x_wconf 71' lang='lat' dir='ltr'>periret,</span> 
     </span>
     <span class='ocr_line' id='line_1_33' title="bbox 284 3072 824 3158; baseline -0.004 -20"><span class='ocrx_word' id='word_1_164' title='bbox 284 3072 519 3157; x_wconf 76' lang='lat' dir='ltr'>Salurnalibus,</span> <span class='ocrx_word' id='word_1_165' title='bbox 543 3073 664 3158; x_wconf 81' lang='lat' dir='ltr'>opbimo</span> <span class='ocrx_word' id='word_1_166' title='bbox 688 3072 824 3136; x_wconf 81' lang='lat' dir='ltr'>dierum!</span> 
     </span>
     <span class='ocr_line' id='line_1_34' title="bbox 284 3155 956 3241; baseline 0 -20"><span class='ocrx_word' id='word_1_167' title='bbox 284 3156 361 3221; x_wconf 92' lang='lat' dir='ltr'>Non</span> <span class='ocrx_word' id='word_1_168' title='bbox 381 3178 449 3220; x_wconf 91' lang='lat' dir='ltr'>non</span> <span class='ocrx_word' id='word_1_169' title='bbox 469 3158 532 3221; x_wconf 86' lang='lat' dir='ltr'>hoe</span> <span class='ocrx_word' id='word_1_170' title='bbox 553 3159 627 3241; x_wconf 82' lang='lat' dir='ltr'>libi,</span> <span class='ocrx_word' id='word_1_171' title='bbox 651 3157 747 3240; x_wconf 89' lang='lat' dir='ltr'>salse,</span> <span class='ocrx_word' id='word_1_172' title='bbox 771 3156 818 3220; x_wconf 87' lang='lat' dir='ltr'>sio</span> <span class='ocrx_word' id='word_1_173' title='bbox 840 3155 956 3221; x_wconf 82' lang='lat' dir='ltr'>abibib:</span> 
     </span>
     <span class='ocr_line' id='line_1_35' title="bbox 284 3239 873 3324; baseline -0.003 -19"><span class='ocrx_word' id='word_1_174' title='bbox 284 3239 383 3322; x_wconf 88' lang='lat' dir='ltr'>Nam,</span> <span class='ocrx_word' id='word_1_175' title='bbox 407 3241 435 3304; x_wconf 90' lang='lat' dir='ltr'>si</span> <span class='ocrx_word' id='word_1_176' title='bbox 455 3240 585 3324; x_wconf 79' lang='lat' dir='ltr'>luxerit,</span> <span class='ocrx_word' id='word_1_177' title='bbox 609 3241 650 3304; x_wconf 93' lang='lat' dir='ltr'>ad</span> <span class='ocrx_word' id='word_1_178' title='bbox 671 3241 873 3305; x_wconf 85' lang='lat' dir='ltr'>librariorum</span> 
     </span>
     <span class='ocr_line' id='line_1_36' title="bbox 286 3322 926 3408; baseline -0.002 -19"><span class='ocrx_word' id='word_1_179' title='bbox 286 3322 418 3390; x_wconf 84' lang='lat' dir='ltr'>Curram</span> <span class='ocrx_word' id='word_1_180' title='bbox 440 3324 573 3406; x_wconf 87' lang='lat' dir='ltr'>serinia,</span> <span class='ocrx_word' id='word_1_181' title='bbox 598 3323 741 3407; x_wconf 87' lang='lat' dir='ltr'>Caesios,</span> <span class='ocrx_word' id='word_1_182' title='bbox 763 3324 926 3408; x_wconf 90' lang='lat' dir='ltr'>Aquinos,</span> 
     </span>
     <span class='ocr_line' id='line_1_37' title="bbox 286 3407 929 3490; baseline -0.003 -18"><span class='ocrx_word' id='word_1_183' title='bbox 286 3408 465 3488; x_wconf 84' lang='lat' dir='ltr'>Suffenum,</span> <span class='ocrx_word' id='word_1_184' title='bbox 489 3407 597 3469; x_wconf 90' lang='lat' dir='ltr'>omnia</span> <span class='ocrx_word' id='word_1_185' title='bbox 619 3408 768 3490; x_wconf 86' lang='lat' dir='ltr'>colligam</span> <span class='ocrx_word' id='word_1_186' title='bbox 789 3429 929 3490; x_wconf 83' lang='lat' dir='ltr'>venena,</span> 
     </span>
    </p>

    <p class='ocr_par' dir='ltr' id='par_1_7' title="bbox 200 3489 904 3571">
     <span class='ocr_line' id='line_1_38' title="bbox 200 3489 904 3571; baseline 0 -17"><span class='ocrx_word' id='word_1_187' title='bbox 200 3505 235 3554; x_wconf 81' lang='lat'>20</span> <span class='ocrx_word' id='word_1_188' title='bbox 284 3492 334 3555; x_wconf 87' lang='lat' dir='ltr'>Ae</span> <span class='ocrx_word' id='word_1_189' title='bbox 355 3493 387 3554; x_wconf 80' lang='lat' dir='ltr'>le</span> <span class='ocrx_word' id='word_1_190' title='bbox 408 3490 460 3554; x_wconf 89' lang='lat' dir='ltr'>his</span> <span class='ocrx_word' id='word_1_191' title='bbox 483 3489 647 3571; x_wconf 80' lang='lat' dir='ltr'>suppliciis</span> <span class='ocrx_word' id='word_1_192' title='bbox 669 3491 904 3554; x_wconf 87' lang='lat' dir='ltr'>remunerabor.</span> 
     </span>
    </p>
   </div>
   <div class='ocr_carea' id='block_1_4' title="bbox 0 0 1244 4010">
    <p class='ocr_par' dir='ltr' id='par_1_8' title="bbox 0 0 1244 4010">
     <span class='ocr_line' id='line_1_39' title="bbox 0 0 1244 4010; baseline 0 0"><span class='ocrx_word' id='word_1_193' title='bbox 0 0 1244 4010; x_wconf 95' lang='lat' dir='ltr'> </span> 
     </span>
    </p>
   </div>
  </div>
 </body>
</html>
