2468 4036
40 253 129 326 m]
480 249 588 304 111111
608 249 630 309 1.

41 416 190 498 Bisque
212 413 262 477 die
283 413 424 478 resoluta
446 433 552 478 eomas
574 413 635 479 tibi
657 414 760 479 dieere
781 413 891 480 laudes

109 497 254 582 Insignis
276 498 371 562 turba
393 497 508 562 debeat
527 499 562 562 in
583 497 708 574 Pharia.

45 585 115 649 At
135 583 216 646 mihi
238 583 406 680 contingat
424 582 545 666 patrios
568 583 726 648 celebrare
748 583 885 648 Penates

108 667 316 750 Reddereque
337 670 468 750 antiquo
489 670 654 731 menstrua
673 671 746 738 tura
767 667 849 732 Lari.

50 752 174 828 Quam
194 751 275 814 bene
297 750 434 816 Saturne
456 751 607 816 vivebant
626 773 718 837 rege,
740 753 925 836 priusquam
1000 765 1035 817 35

110 835 219 899 Tellus
241 834 275 898 in
296 835 411 920 longas
433 839 482 899 est
502 836 664 920 patefacta
685 837 767 901 vias!

52 919 223 986 Nondum
246 919 405 984 caeruleas
426 920 521 1003 pinus
544 923 779 1006 contempserat
799 921 916 1006 undas,

110 1004 259 1069 Effusum
280 1004 385 1068 ventis
406 1004 657 1088 praebueratque
679 1006 799 1089 sinum,

55 1089 141 1154 Nee
160 1109 262 1172 vagus
284 1089 405 1173 ignotis
425 1092 572 1172 repetens
595 1089 772 1173 conpendia
792 1090 885 1154 terris

112 1173 279 1237 Presserat
303 1175 434 1237 externa
454 1174 564 1238 navita
584 1195 689 1239 meree
708 1178 819 1240 ratem.
999 1187 1034 1238 40

54 1258 131 1323 1110
153 1278 220 1322 non
241 1257 365 1321 validus
388 1256 485 1321 subiit
505 1258 581 1342 iuga
602 1262 745 1343 tempore
766 1263 890 1342 taurus,

110 1341 188 1407 Non
210 1341 331 1406 domito
351 1342 461 1406 frenos
484 1364 538 1406 ore
559 1344 732 1407 momordit
754 1366 867 1427 equus,

57 1426 149 1500 Non
169 1426 281 1490 domus
302 1425 370 1490 ulla
387 1427 475 1491 fores
491 1425 619 1510 habuit,
641 1449 708 1492 non
722 1429 803 1492 fixus
818 1430 852 1492 in
867 1429 969 1514 agris,

113 1511 176 1586 Qui
197 1531 232 1574 re
257 1514 323 1574 eret
345 1511 438 1574 sertis
459 1511 576 1576 finibus
598 1533 689 1594 arva,
712 1513 802 1596 lapis.

60 1593 165 1679 Ipsae
186 1532 283 1660 mella
304 1594 424 1659 dabant
444 1616 593 1679 quercus,
615 1597 762 1679 ultroque
783 1597 929 1661 ferebant
1000 1609 1035 1659 41

111 1678 216 1744 Obvia
237 1679 355 1744 securis
377 1680 476 1744 ubera
497 1681 589 1744 laetis
612 1702 709 1763 oves..

58 1762 144 1828 Non
167 1765 264 1846 aeies,
287 1784 354 1827 non
374 1765 422 1828 ira
443 1765 520 1847 fuit,
542 1786 610 1828 11011
631 1765 730 1849 bella,
754 1787 815 1830 nee
837 1787 947 1831 ensem

109 1847 222 1912 Inmiti
244 1869 356 1912 saevus
379 1849 514 1912 duxerat
534 1852 602 1913 arte
623 1849 720 1914 faber.

60 1932 165 1998 Nune
179 1931 255 1996 Iove
278 1933 336 1997 sub
358 1932 488 1997 domino
511 1933 622 1997 caedes
638 1934 816 1998 studuere
831 1955 969 2018 semper,

108 2022 201 2082 Nune
222 2038 323 2101 mare,
346 2039 432 2082 nune
453 2018 510 2082 leti
531 2019 633 2082 multa
653 2023 779 2103 reperta
800 2019 891 2084 visst.
999 2033 1033 2081 50

62 2101 184 2184 Parae,
206 2103 305 2184 pater.
344 2101 492 2166 timidum
513 2124 580 2168 non
601 2125 653 2166 me
674 2104 813 2187 periuria
833 2107 969 2189 terrent,

107 2185 187 2250 Non
206 2185 292 2250 dieta
312 2186 347 2249 in
369 2189 498 2251 sanatos
519 2188 608 2272 inpia
629 2189 725 2252 verba
747 2187 844 2253 deos..

414 2271 432 2309 1
660 2273 678 2310 s

537 2320 555 2358 ss

63 2353 161 2432 Quod
183 2355 211 2420 si
231 2355 346 2420 fatales
367 2356 431 2420 iam
452 2377 538 2420 nune
560 2357 754 2440 explevimus
777 2380 897 2441 annos,

108 2438 173 2502 Fae
194 2440 276 2523 lapis
297 2441 459 2524 inscriptis
483 2443 546 2505 stet
567 2463 662 2526 super
684 2465 757 2508 0111
777 2443 879 2506 uotis:

64 2523 148 2587 ‘Hie
169 2523 253 2588 iacet
273 2524 380 2588 inmiti
401 2529 608 2610 consumptus
629 2530 732 2591 morte
754 2526 914 2609 Tibullus,
999 2536 1033 2588 55

112 2607 295 2672 Messallam
316 2612 402 2672 terra
423 2609 499 2695 dum
521 2612 725 2694 sequiturque
746 2611 847 2673 mari!

66 2691 135 2756 Sed
154 2714 221 2775 me,
245 2693 329 2776 quod
351 2693 454 2758 facilis
475 2698 586 2758 tenero
609 2717 679 2757 sum
701 2716 825 2777 semper
845 2691 975 2777 Amori,

111 2775 187 2858 Ipsa
208 2775 317 2840 Venus
340 2799 469 2861 campos
492 2779 585 2842 ducet
605 2777 640 2841 in
661 2777 799 2860 Elysios.

63 2859 129 2924 Hie
145 2860 277 2924 choreae
293 2864 468 2945 cantusque
480 2863 607 2946 vigent,
627 2864 807 2946 passimque
822 2863 977 2946 vagantes

108 2942 211 3010 Dulce
232 2949 350 3009 sonant
370 2947 459 3010 tenui
481 2949 610 3031 gutture
633 2957 760 3010 carmen
782 2967 869 3027 sves,
999 2959 1033 3008 60

63 3027 143 3093 Fert
164 3029 283 3092 casiam
303 3049 371 3094 11011
393 3030 478 3094 eulta
499 3052 606 3115 seges,
628 3032 777 3112 totasque
798 3051 855 3113 per
877 3051 972 3114 agros

108 3113 219 3176 Floret
239 3114 380 3178 odoratis
401 3117 488 3178 terra
508 3114 650 3199 benigna
670 3114 766 3178 rosis:

63 3197 112 3260 At
133 3197 284 3262 iuvenum
306 3200 403 3263 series
425 3200 543 3263 teneris
565 3199 700 3262 inmixta
721 3199 835 3282 puellis

107 3280 217 3365 Ludit,
240 3286 273 3346 et
295 3283 425 3347 adsidue
445 3284 568 3368 proelia
589 3284 704 3348 miscet
724 3283 836 3348 Amor.

62 3364 137 3429 fllia
159 3369 222 3449 est,
245 3367 431 3451 cuicumque
452 3390 551 3453 rapax
572 3391 658 3433 mors
680 3369 769 3432 venit
790 3369 925 3450 amanti,
998 3378 1032 3428 65

107 3449 152 3513 Et
196 3451 257 3514 erit
277 3452 400 3537 insigni
420 3474 453 3515 m
507 3475 545 3516 ea
567 3456 653 3516 serta
674 3474 774 3516 coma.

63 3532 110 3598 At
130 3472 285 3602 sederas
305 3536 389 3600 iaeet
410 3458 506 3601 sederst
522 3537 557 3600 in
578 3539 673 3600 noete
694 3534 853 3618 profunda
