2464 4020
236 255 279 323 52
641 253 785 310 'flavam
1143 255 1190 324 [ui.

300 420 422 498 Quidve
442 419 531 484 iuuat
552 416 663 482 furtim
685 415 822 482 latebras
844 418 963 482 intrare
984 418 1123 482 ferarum

255 521 287 571 10
345 503 550 587 Candidaque
572 501 708 566 hamatis
732 523 824 566 crura
843 506 956 567 notare
977 502 1088 566 rubis‘?

302 590 366 657 Sed
386 593 510 671 tamen,
531 592 568 651 ut
589 591 694 650 tecum
715 585 823 669 liceat,
847 585 1013 670 Cerintho,
1035 587 1159 672 vagari,

345 673 421 760 Ipsa
443 693 504 759 ego
549 692 582 736 er
603 673 729 735 montes
749 669 830 734 retia
849 672 936 734 torta
956 671 1071 753 feram,

301 759 377 844 Ipsa
399 780 417 823 e
440 778 460 821 o
481 695 600 821 veidcis
622 775 771 838 quaeram
793 755 929 839 vestigia
951 755 1037 820 cervi

344 844 388 908 Et
411 780 535 907 (demam
558 839 651 904 celeri
672 839 776 904 ferrea
796 839 903 903 vincla
924 840 1007 904 cani.

252 940 285 992 15
299 929 390 994 'lime
416 926 511 1011 mihi,
539 927 616 990 tuuc
643 924 791 1008 placeant
817 923 929 1007 silvae,
964 925 1017 1008 si„
1039 924 1093 989 lux
1119 943 1189 1000 mea,

842 1011 949 1074 tecum

342 1099 471 1184 Arguat
493 1098 567 1159 ante
588 1094 674 1178 ipsas
698 1093 906 1157 concubuisse
927 1094 1055 1179 plagas:

301 1181 391 1245 Tunc
411 1179 520 1243 veniat
540 1179 616 1242 licet
637 1176 677 1241 ad
699 1194 818 1258 casses,
841 1177 980 1242 inlaesus
1003 1177 1114 1260 abibit,

343 1263 393 1328 Ne
414 1261 549 1328 Veneris
572 1261 704 1346 cupidae
724 1260 842 1346 gaudia
862 1261 984 1345 turbet,
1005 1283 1088 1346 aper.

303 1347 398 1412 Nunc
421 1346 489 1410 sine
511 1365 562 1410 me
584 1346 627 1408 sit
648 1346 737 1410 nulla
750 1343 875 1430 Venus,
899 1345 955 1410 sed
976 1347 1047 1432 lege
1070 1345 1186 1426 Dianae,

250 1445 285 1498 20
343 1430 437 1497 aaa
458 1451 552 1514 puer,
576 1433 663 1494 casta
683 1431 764 1494 retia
784 1433 882 1516 tange
903 1451 1015 1495 manu:

300 1516 346 1581 ut
369 1535 585 1599 quaecumque
606 1535 678 1578 meo
699 1513 810 1578 suctim
832 1514 976 1598 subrepit
997 1516 1109 1598 amori,

347 1599 472 1664 Incidet
494 1600 528 1664 iu
550 1619 658 1663 saevas
680 1598 857 1682 din'pienda
878 1598 970 1664 feras.

304 1686 352 1750 At
372 1687 409 1748 tu
430 1683 567 1748 venandi
589 1681 729 1747 studium
751 1681 888 1747 concede
909 1685 1049 1766 parenti,

342 1768 388 1834 Et
409 1767 492 1834 celer
514 1768 548 1833 iu
569 1769 697 1832 nostros
719 1767 787 1850 ipse
808 1787 935 1832 recurre
957 1766 1054 1832 sinus.

677 1981 759 2072 ΙΙῌο

301 2105 374 2172 Huc
397 2107 471 2172 ades
494 2108 526 2170 et
546 2109 673 2170 tenerae
693 2103 821 2169 morbos
844 2103 967 2188 expelle
989 2103 1123 2189 puellae,

344 2191 416 2254 Huc
438 2191 529 2272 ades,
553 2191 681 2255 intonsa
702 2187 830 2252 Phoebe
853 2188 986 2272 superbe
1008 2205 1103 2254 coma.

303 2271 404 2337 Crede
419 2271 513 2354 mihi,
534 2295 593 2357 pro
618 2295 685 2337 cra:
707 2275 812 2337 necte
826 2271 904 2356 ium,
919 2272 1065 2358 Phoebe,
1079 2267 1187 2357 pigebit

344 2355 517 2420 Formosae
538 2378 589 2420 me
615 2358 676 2422 ‘cas
699 2357 888 2441 adplicuisse
908 2377 1033 2422 manus.

271 2439 404 2506 oEffice
426 2461 467 2504 ne
488 2440 605 2503 macies
627 2441 783 2523 pallentes
807 2441 1062 2526 occupemus,

345 2523 418 2590 Neu
439 2526 531 2588 notet
551 2523 697 2588 informis
721 2525 855 2590 candida
875 2526 1018 2591 membra
1040 2525 1136 2606 color,

303 2609 348 2675 Et
362 2609 580 2692 quodcumque
594 2608 702 2673 maliet
717 2613 749 2673 et
771 2609 923 2693 quidquid
936 2610 1028 2675 triste
1040 2610 1183 2680 timemus,

346 2693 386 2758 Iu
407 2694 540 2778 pelagus
561 2693 682 2778 rapidis
704 2694 817 2758 evehat
838 2694 940 2758 amnis
962 2695 1062 2778 aquis.

305 2777 430 2861 Sancte,
452 2777 536 2860 veui,
559 2781 725 2861 tecumque
739 2778 831 2861 foras,
855 2778 1044 2862 quicumque
1065 2791 1185 2860 sapores,

256 2876 288 2926 ιο
346 2862 543 2945 Quicumque
566 2865 597 2926 et
619 2864 730 2926 cantus
753 2883 887 2960 corpora
907 2862 992 2927 fessa
1014 2863 1128 2927 levant:

304 2947 378 3014 Neu
398 2947 544 3012 iuvenem
566 2949 693 3029 torque,
715 2949 829 3010 metu1t
851 2946 905 3028 qui
926 2947 994 3010 fata
1014 2945 1132 3031 puellae

346 3031 494 3115 Votaque
515 3051 574 3116 pro
597 3029 726 3094 domina
747 3030 800 3094 vix
821 3029 1018 3095 numeranda
1038 3030 1120 3096 facit.

305 3115 469 3180 Interdum
488 3116 596 3197 vovet,
618 3113 792 3198 interdum,
815 3114 900 3198 quod
921 3115 1073 3200 langueat
1092 3113 1152 3192 illa,

347 3197 435 3262 Dicit
456 3200 491 3262 in
512 3203 658 3263 aeternos
681 3219 793 3282 aspera
814 3199 910 3263 verba
928 3199 1016 3272 deos.

257 3289 289 3341 15
304 3279 392 3344 Pone
414 3285 549 3365 metum,
573 3281 739 3347 Ocriuthe:
761 3283 837 3348 deus
859 3304 926 3348 non
940 3283 1039 3348 laedit
1054 3283 1184 3349 amantes.

348 3363 397 3426 Tu
418 3364 513 3426 modo
537 3387 661 3446 semper
683 3389 767 3431 ama:
791 3368 877 3432 salva
897 3367 1005 3451 puella
1027 3369 1122 3433 tibist.

256 3459 288 3506 21
304 3445 362 3511 Nil
383 3465 462 3526 opus
486 3449 535 3508 est
555 3447 646 3509 fletu:
669 3449 806 3512 lacrimis
829 3451 890 3514 erit
911 3451 1015 3534 aptius
1038 3453 1099 3533 uu,

257 3541 289 3588 22
349 3525 383 3590 Si
406 3527 531 3608 quando
555 3527 651 3591 fuerit
670 3531 793 3596 tristior
814 3532 870 3596 illa
891 3533 958 3599 tibi.
