2444 4056
534 1008 708 1136 ns

173 1206 284 1272 Trium
316 1210 483 1290 poetarum
516 1209 828 1294 elegantissimorum
859 1214 893 1276 et
928 1212 1071 1278 diutinae

111 1328 169 1372 nee
195 1308 350 1372 fortuitae
372 1309 606 1374 coniunctionis
627 1311 756 1376 vinculo
777 1333 930 1376 nexorum
952 1313 1070 1378 Catilli

111 1407 228 1473 Tibulli
248 1407 410 1492 Propertii
436 1411 579 1475 ourmine
598 1431 663 1478 uno
680 1411 840 1478 volumine
862 1413 975 1478 edendi
999 1434 1071 1478 uum

111 1510 185 1574 date
213 1512 297 1574 esset
323 1510 415 1574 nobis
443 1511 579 1576 facultas
586 1561 596 1594 ‚
624 1515 768 1578 auctores
794 1512 883 1578 fuere
911 1514 1006 1578 amici
1034 1518 1071 1577 ut

109 1609 217 1675 Laevii
238 1610 331 1676 Oulvi
353 1611 476 1676 Cinnae
505 1615 538 1676 et
565 1613 647 1696 siqui
675 1616 788 1677 extant
813 1614 985 1697 scriptores
1006 1613 1069 1678 Ve-

110 1711 187 1775 lerio
215 1715 250 1776 ut
276 1714 456 1793 temporum
484 1713 597 1795 spatiis
623 1714 671 1777 ite
697 1713 872 1778 studiorum
893 1715 1070 1779 rationibus

111 1811 227 1876 similes
255 1811 440 1876 adderemus
467 1812 621 1876 librorum
642 1812 806 1895 reliquias:
835 1813 948 1896 quibus
974 1814 1070 1878 fusile

110 1933 216 1976 sumus
244 1912 397 1978 obsecuti.
446 1911 617 1976 Praeterea
644 1911 781 1994 Priapes
813 1913 941 1997 quondo
973 1915 1070 1978 etism

109 2013 276 2096 oportebat
297 2012 397 2077 inseri
418 2012 492 2076 huic
507 2012 719 2078 bibliothecae
740 2034 898 2097 nusquam
913 2013 990 2078 alibi
1004 2037 1069 2078 me·

109 2113 169 2178 lius
194 2113 344 2198 subiungi
365 2134 459 2198 posse
481 2117 551 2180 erat
578 2134 766 2198 persuasum
789 2115 920 2195 (etenim
941 2116 1069 2199 integro

109 2214 264 2278 volumini
298 2235 366 2278 non
398 2214 616 2299 sufficiebant)
645 2235 741 2298 quam
772 2215 807 2279 in
839 2215 904 2279 fine
936 2237 1069 2299 operum

109 2319 275 2380 uentorum
295 2313 522 2398 Euphorionis,
546 2336 712 2399 equorum
733 2317 905 2399 plurimum
925 2316 1069 2400 pendent

109 2415 300 2480 imitatione.
340 2415 488 2480 Ceterum
510 2418 546 2478 ut
566 2415 601 2478 hi
616 2416 703 2480 lusus
725 2417 821 2501 longe
837 2418 1068 2500 corruptissimi

107 2515 255 2580 feruutur
276 2515 367 2580 libris
382 2516 510 2599 seriptis
525 2517 571 2579 ita
587 2517 778 2582 erotioorum
793 2517 956 2601 dequibus
972 2538 1069 2601 supra

108 2617 280 2682 memoravi
295 2637 392 2700 opere
406 2620 455 2681 tot
475 2618 638 2700 tantisque
653 2621 729 2681 sunt
742 2617 867 2681 mendis
882 2618 1066 2701 depravate,

108 2737 172 2780 non
182 2720 220 2780 ut
233 2719 336 2800 possit
349 2718 510 2800 expectari
524 2718 640 2798 fore-ut
655 2737 774 2796 omnes,
790 2717 904 2800 quibus
918 2717 1068 2782 laborant

107 2815 176 2900 illa,
205 2817 412 2882 difficultates
433 2817 500 2880 iem
521 2818 636 2882 emisse
656 2817 717 2882 hae
737 2816 877 2882 editione
898 2818 1065 2882 tollentur.

108 2917 295 3000 Augebatur
316 2917 490 2981 difficultas
509 2917 631 3000 inoepti
645 2939 683 2982 ea
697 2939 742 3000 re,
766 2918 851 3002 quod
870 2917 970 2982 maior
990 2940 1065 3001 pars

108 3036 213 3082 eorum
235 3021 290 3102 qui
314 3022 389 3102 post
409 3017 652 3083 Lsohmennum
672 3019 753 3083 haee
775 3017 917 3082 earmina
939 3018 1065 3082 edidere

106 3117 185 3180 mihi
206 3117 334 3202 quidem
349 3119 540 3184 videbantur
553 3139 621 3183 nou
637 3139 675 3184 eu
688 3120 739 3184 usi
760 3119 869 3184 iudicii
884 3119 950 3182 sive
971 3119 1065 3182 liber·

105 3217 173 3282 tete
194 3239 250 3282 seu
272 3219 416 3284 sollertis
437 3241 500 3303 que
521 3219 590 3284 sola
618 3222 727 3302 posset
749 3219 869 3302 aliquid
895 3219 1007 3301 profici
1029 3219 1065 3283 in

106 3337 197 3400 opere
225 3340 398 3404 sanequem
421 3320 531 3384 ardue.
574 3319 662 3384 Hino
683 3321 785 3384 multa
806 3319 846 3384 eb
866 3317 959 3384 Itelis
980 3339 1063 3382 seeo.

105 3414 165 3481 XV
187 3421 297 3502 etqui
320 3421 485 3486 oonseeuti
507 3441 560 3484 eos
582 3424 658 3484 sunt
678 3423 822 3503 tempore
838 3419 957 3482 criticis
978 3421 1065 3482 reete

106 3519 279 3585 constituta
308 3525 342 3586 et
374 3522 451 3588 olim
478 3521 575 3606 vulgo
604 3524 735 3603 receptu
765 3520 820 3583 sed
852 3521 959 3599 spreta
990 3520 1065 3598 post
