2476 4018
421 197 635 256 PRAEFATIO.
909 208 1008 261 xnvn

148 462 220 536 DE
245 461 497 538 PROPERTH
522 463 650 538 ARTE
675 463 900 542 METRICA.

90 650 143 708 De
162 649 315 726 Propertii
336 670 477 711 versuum
498 655 562 711 arte
583 671 650 712 cum
671 671 741 712 cura
755 654 925 729 quaesiuere
938 657 1009 730 post

26 753 82 794 nos
98 734 353 811 Eschenburgius
368 737 402 794 in
416 735 625 796 dissertatione
640 738 687 795 cui
702 738 880 813 inscriptum
896 739 1008 798 ‘obser-

27 820 174 878 vationes
189 819 309 878 criticae
325 819 358 878 in
368 818 571 894 Propertium'
587 821 709 880 Bonnae
724 841 750 880 a.
767 823 847 881 1865
863 819 943 880 edita
956 840 1007 899 pg.

30 904 97 959 1-
107 903 173 977 283
195 903 226 961 et
238 902 461 963 Luetiohannes
475 904 507 963 in
523 905 822 965 commentationibus
837 905 1008 980 Propontia-

28 988 76 1045 nis
90 1004 149 1063 pg.
168 987 336 1048 96-104.
360 987 418 1058 oui
433 988 490 1047 etsi
504 1006 598 1064 pauca
611 989 815 1064 prodiderunt,
831 1007 906 1064 qnae
920 990 1007 1050 nobis

29 1073 135 1129 essent
151 1069 317 1146 incognita,
333 1073 364 1130 at
378 1072 532 1146 quaedam,
548 1091 623 1147 qnae
643 1074 732 1132 aliter
751 1073 902 1149 disputata
915 1075 1007 1134 velle·

31 1174 108 1226 mus,
125 1173 192 1214 non
206 1157 308 1212 tamen
322 1174 378 1214 sua
390 1155 475 1214 inere
490 1157 577 1215 laude
592 1157 758 1217 fraudandi.

93 1238 278 1314 Propertius
292 1239 350 1298 atsi
364 1239 490 1299 eximius
505 1243 552 1300 ost
565 1244 654 1316 poeta
664 1245 695 1300 et
706 1242 905 1318 elegiacomm
918 1242 1007 1301 facile

31 1323 177 1398 princeps
199 1322 368 1382 durioribus
388 1326 491 1383 tamen
510 1326 612 1400 paullo
626 1325 722 1384 utitur
735 1327 882 1399 numeris,
904 1344 1006 1401 quam-

32 1425 125 1480 quam
141 1425 195 1466 cos
209 1409 241 1464 et
253 1407 287 1465 in
300 1408 515 1482 posterioribus
527 1409 679 1484 mitigavit
689 1410 776 1468 libris
786 1413 817 1468 et
828 1428 866 1469 na
880 1411 913 1468 in
927 1410 1006 1486 prio-

32 1490 117 1550 ribus
140 1490 264 1566 quidem
283 1492 347 1548 tam
366 1491 456 1550 rudes
471 1494 561 1566 atque
575 1493 702 1551 absonos
717 1493 790 1551 fecit
803 1486 898 1566 quam'
907 1495 1007 1552 visum

32 1574 202 1634 nonnullis.
231 1574 332 1634 Habet
351 1577 453 1635 tamen
472 1576 575 1651 plures
596 1575 742 1650 spondeos
764 1594 854 1649 quam
868 1575 1006 1635 Tibullus

34 1659 95 1717 sive
111 1657 253 1718 Ovidius.

42 1751 45 1760 ⁴
95 1743 203 1800 Etiam
217 1742 328 1818 septies
345 1738 381 1822 [I,
400 1745 449 1816 13,
466 1746 516 1803 31.
534 1745 583 1815 19,
602 1744 651 1803 13.
668 1743 718 1816 20,
735 1743 841 1817 31.11,
858 1744 887 1811 2,
903 1745 932 1801 9.
947 1741 1005 1815 ΙΠ,

35 1826 83 1897 78,
100 1827 156 1886 49.
171 1826 245 1898 ΠΠ,
259 1828 288 1899 7,
302 1829 351 1886 13.
367 1825 405 1897 V,
417 1828 447 1900 4,
460 1823 513 1905 71]
530 1828 634 1902 quinto
648 1827 715 1886 loco
730 1826 857 1885 eundem
872 1825 1007 1886 adhibuit

35 1911 158 1984 pedem,
180 1927 300 1986 semper
319 1910 441 1986 quidem
461 1914 497 1969 nt
519 1910 712 1986 praecederet
725 1910 862 1986 dactylus
877 1910 1007 1970 adhunc

34 1995 174 2053 modum:

164 2081 238 2138 sunt
251 2079 330 2154 apud
344 2079 479 2140 infernos
493 2081 541 2138 101
553 2080 638 2140 mdia
650 2078 855 2152 formosam.

36 2179 112 2237 Nam
128 2182 162 2238 et
175 2179 404 2254 spondiazontas
416 2181 527 2256 ubique
537 2179 734 2256 tetrasyllabo
745 2179 890 2240 conclusit
903 2179 1005 2241 verbo.

38 2261 237 2323 Caesurarum
250 2263 331 2321 idem
344 2267 494 2339 quotquot
513 2267 616 2323 extant
636 2264 757 2322 adhibet
770 2283 881 2340 genera
896 2261 944 2341 (ea
958 2281 1006 2322 su·

38 2365 90 2420 pra
104 2347 281 2406 enumeravi
296 2347 329 2406 in
343 2349 486 2422 opusculo
497 2347 533 2407 de
548 2349 651 2408 metris
663 2346 798 2425 Catulli),
811 2349 863 2409 sed
878 2348 958 2407 enim
972 2349 1007 2405 ut

37 2431 100 2504 ipsc
114 2431 178 2490 fert
190 2434 299 2490 natura
313 2449 349 2490 eo
363 2431 477 2490 rariora
490 2449 549 2506 quo
563 2433 767 2492 insolentiora.

97 2516 149 2574 Ita
162 2533 223 2574 nno
238 2533 329 2576 versu
342 2517 401 2574 nisi
415 2515 487 2591 quid
501 2534 549 2575 mo
563 2516 643 2592 fugit
657 2519 689 2574 et
700 2517 805 2590 parata
818 2513 1006 2572 excusatione

38 2597 127 2658 habet
144 2599 421 2674 semiseptenariam
437 2617 613 2675 praegressa
629 2602 660 2657 et
675 2599 765 2657 tertio
780 2598 856 2672 pede
867 2600 898 2655 et
912 2597 1006 2658 altero

28 2683 181 2744 'credonis
196 2686 283 2758 parta
296 2684 330 2742 in
342 2683 517 2742 trochaeum
531 2684 656 2742 exeunte
674 2677 757 2759 um,
773 2682 802 2753 8,
820 2675 871 2758 23]

122 2769 222 2826 autin
236 2784 333 2828 ansorc
347 2767 444 2827 dolere
457 2767 527 2826 uolo
542 2768 594 2824 001
608 2765 709 2823 audire
725 2764 886 2825 dolentem.

39 2849 175 2910 Videnda
189 2870 266 2928 quae
281 2851 410 2910 diximus
424 2851 453 2909 d
469 2871 494 2909 r.
509 2869 550 2908 m.
565 2868 616 2926 pg.
631 2850 701 2909 134.

98 2936 196 2995 Porro
218 2937 341 2995 tertiam
354 2935 535 2994 trochaicam
549 2933 661 3009 septies
674 2934 809 3007 usurpat,
824 2930 872 2988 bis
886 2929 1006 3005 quidem

29 3021 77 3078 110
98 3024 135 3079 01
152 3019 314 3096 praecedat
332 3019 409 3094 pede
429 3019 523 3078 altero
538 3017 715 3076 vocabulum
729 3020 762 3074 et
774 3017 874 3090 ipsum
887 3014 1006 3074 finitum

42 3105 178 3164 trochaeo
195 3101 247 3183 [H,
266 3107 294 3178 1,
310 3104 361 3163 51.
376 3103 433 3177 ΙΠ,
450 3103 500 3174 15,
515 3102 566 3160 13.
583 3102 634 3174 33,
650 3101 679 3160 9.
696 3100 746 3158 27.
761 3099 833 3172 1111,
850 3099 879 3172 6,
896 3099 945 3160 25.
967 3099 1004 3176 V,

101 3291 204 3349 Semel
217 3290 325 3348 tmesis
339 3288 524 3348 instituenda
539 3285 608 3365 [Π1,
627 3288 675 3359 17,
693 3283 746 3363 11]

120 3392 213 3450 quem
227 3373 319 3433 modo
334 3372 453 3432 felicem
465 3373 500 3431 in
518 3369 523 3450 Ι
541 3371 622 3432 vidia
637 3371 801 3430 admirante
817 3368 962 3429 ferebant.

41 3474 190 3545 Quantum
212 3473 250 3532 ad
269 3473 428 3550 rhythmos
447 3491 650 3545 numerorum,
666 3475 714 3530 ter
731 3471 764 3530 in
782 3468 857 3544 pede
877 3465 1005 3526 secundo
