2464 4020
433 263 646 347 securene.
995 276 1033 324 rx

50 436 135 498 inde
153 433 238 494 alise.
267 432 305 492 ln
318 431 365 490 his
379 433 478 506 siquid
492 433 567 492 latet
581 449 703 492 arcanae
718 431 888 508 sapientiae,
903 449 1035 510 reperire

50 519 139 579 mihi
156 520 236 576 certe
252 535 313 577 uon
328 517 463 592 contigit.
586 521 589 526 “

128 602 227 662 Porro
242 600 450 661 Lachmannus
466 602 498 659 et
512 603 631 660 secutus
646 590 715 658 eur'n
729 600 942 678 Hertzhergius
957 601 1035 662 effir

52 690 153 746 mant
177 685 310 744 codicem
331 702 396 744 esse
410 687 495 744 extra
510 683 629 744 Italiem
642 685 795 761 scriptum,
812 687 850 745 oh
864 705 930 744 eam
944 691 979 745 ut
992 689 1035 746 vi-

52 773 155 831 detur
179 787 298 828 causam
326 766 394 845 (nec
419 769 500 830 enim
525 769 710 844 argumentis
738 788 803 828 rem
832 769 1036 848 asseruerunt)

53 854 148 931 quod
167 855 339 914 litterarum
359 853 464 912 ductus
486 855 586 914 essent
606 851 801 928 simpliciores
821 856 853 912 et
866 856 966 928 paullo
981 855 1036 913 mi·

54 959 124 1000 nus
139 937 264 998 rotundi
278 955 366 1011 qusm
383 937 435 1011 qui
449 936 534 994 Italis
550 937 659 995 saeculi
669 937 744 996 XIII
757 938 947 1012 placuissent.
963 939 1037 996 Mihi

58 1025 100 1082 de
122 1023 181 1080 hac
200 1041 234 1080 re
253 1021 353 1080 minus
373 1023 454 1079 certo
477 1023 601 1080 constet.
647 1019 787 1080 Ceterum
807 1022 988 1083 contrarium
1009 1023 1037 1081 ei

57 1107 147 1183 quod
166 1107 213 1164 illi
233 1107 404 1165 steturerunt
423 1104 542 1165 videtur
562 1105 647 1164 innui
667 1105 770 1165 formis
791 1123 866 1182 quae
880 1106 990 1182 ubique
1005 1108 1038 1165 in

57 1193 92 1251 N
109 1191 272 1250 recurrunt
283 1189 369 1248 michi
380 1189 478 1248 nichil.

132 1274 218 1332 Idem
233 1275 269 1334 ut
278 1273 339 1332 iem
350 1273 480 1332 indicavi
494 1291 569 1332 saec.
581 1273 656 1334 XIII
666 1274 805 1334 tribuunt
817 1274 957 1347 codicem,
968 1275 1039 1335 huic

59 1361 116 1420 vel
131 1357 322 1434 praecedenti
336 1357 452 1418 Keilius
467 1357 583 1416 observ.
599 1358 664 1416 crit.
679 1377 730 1434 pg.
747 1360 775 1417 3.
802 1359 876 1417 Mihi
891 1362 926 1418 ut
941 1359 1036 1418 dicem

60 1443 149 1518 quod
169 1443 266 1502 sentio
287 1441 368 1502 omni
389 1445 523 1516 tempore
544 1460 605 1500 non
625 1443 724 1501 minus
743 1443 841 1502 visum
862 1446 908 1502 est
927 1445 1038 1502 mirum

63 1531 173 1586 extare
197 1526 327 1585 codicem
342 1525 492 1600 Propertii
507 1528 576 1585 ante
590 1528 772 1586 restauratas
787 1526 819 1583 m
833 1527 922 1584 Italia
935 1527 1039 1588 litores

64 1612 216 1686 scriptum
231 1629 320 1686 quam
334 1609 437 1668 heberi
448 1609 618 1670 Breslevise
630 1609 719 1668 Statii
734 1610 824 1669 silvas
840 1610 956 1668 saeculo
963 1610 1039 1669 XIII

62 1698 214 1766 exaratas,
228 1695 279 1770 qui
294 1695 400 1752 scirem
415 1711 464 1752 eas
479 1713 496 1750 c
509 1693 625 1768 Poggio
641 1693 771 1768 primum
784 1693 930 1752 inventes.
961 1694 1040 1764 Quid

63 1781 160 1853 enim,
177 1779 292 1850 amabo,
314 1796 389 1836 saec.
404 1777 463 1836 XII
477 1777 528 1836 vel
541 1777 624 1849 XIII,
646 1776 717 1851 quid
733 1776 915 1836 scholasticIs
930 1780 960 1835 ct
974 1797 1038 1853 my-

63 1864 153 1924 sticis
168 1881 236 1921 cum
251 1860 433 1936 Propertio?
454 1861 518 1920 Nec
532 1880 602 1922 vero
617 1861 689 1919 haec
704 1860 829 1936 suspitio
845 1878 879 1918 ea
893 1879 926 1919 re
941 1862 1037 1921 eleve-

64 1953 136 2020 tur,
164 1945 244 2022 quod
265 1945 365 2005 Ovidii
393 1946 523 2021 elegiaca
547 1945 679 2004 carmine
706 1944 945 2020 frequentissime
973 1948 1039 2004 tum

64 2031 217 2106 temporis
232 2032 302 2090 suns
317 2031 473 2104 descripta.
503 2029 606 2105 Neque
622 2030 789 2105 quisquam,
809 2031 845 2086 ut
864 2030 1039 2104 memoravi,

66 2120 140 2176 ante
161 2135 272 2174 annum
289 2115 371 2174 1374
391 2117 502 2173 certem
517 2113 667 2188 Propertii
686 2114 860 2172 memoriam
881 2116 949 2189 post
963 2132 1039 2173 saec.

66 2201 117 2258 VI
137 2203 239 2258 extare
259 2199 472 2274 comprobavit.
501 2197 599 2258 Aucta
618 2198 687 2256 inde
709 2197 865 2271 dubitatio,
886 2216 953 2256 curn
974 2199 1038 2274 ipse

67 2287 103 2344 in
123 2302 230 2344 manus
250 2301 332 2342 meas
351 2283 484 2344 venisset
501 2283 578 2342 liber
599 2281 637 2340 N.
667 2282 744 2340 Nam
759 2284 906 2357 scripture
920 2301 990 2342 sene
1005 2285 1041 2341 ut

68 2387 110 2428 ne
136 2389 154 2426 a
179 2367 353 2430 duodecima
376 2367 496 2443 quidem
526 2369 614 2442 atque
640 2367 713 2426 adeo
738 2367 894 2426 undecimo
922 2368 1040 2428 sacculo

68 2471 196 2529 prorsus
211 2453 316 2524 aliene,
337 2453 380 2510 ita
394 2469 448 2510 nec
464 2452 699 2510 atertiodecimo
715 2452 900 2522 abhorrebat,
921 2451 1042 2526 paucio·

69 2537 158 2596 ribus
184 2539 285 2594 tamen
311 2536 469 2611 ahquendc
496 2536 623 2614 insignis
649 2536 830 2612 compendiis
856 2553 945 2610 quam
965 2553 1041 2609 quae

69 2622 162 2682 huius
182 2621 326 2695 temporis
348 2621 461 2680 codices
481 2621 624 2681 referunt.
655 2619 714 2677 Sed
732 2619 860 2677 maxime
880 2619 1043 2677 movebant

71 2705 272 2780 suspitionem
300 2704 405 2762 literae
433 2704 563 2762 initiales
605 2703 768 2760 carminum
803 2701 1042 2775 splendidissime

71 2791 190 2866 pariter
204 2792 293 2864 atque
309 2789 531 2864 elegantissime
545 2785 650 2862 pictae,
666 2789 701 2844 ut
715 2785 886 2856 memoravi,
909 2803 975 2842 cum
989 2803 1041 2842 ne-

71 2893 132 2950 que
152 2873 287 2932 luxuriae
308 2872 414 2932 similis
434 2873 466 2930 in
486 2871 677 2930 classicorum
696 2872 852 2944 poetarum
871 2868 965 2926 libros
980 2886 1042 2925 sue·

72 2959 142 3018 culo
161 2957 368 3016 tertiodecimo
390 2955 540 3016 adhibitae
555 2955 724 3029 exemplum
738 2953 911 3027 suppeteret
925 2952 955 3008 et
970 2952 1043 3010 artis

71 3044 158 3102 illius
179 3041 304 3102 diversis
325 3041 406 3115 istis,
428 3058 502 3115 quos
523 3037 701 3111 memoravi,
723 3035 872 3096 coloribus
892 3036 955 3094 tam
970 3035 1043 3094 scite

73 3128 180 3186 literas
204 3127 335 3186 initiales
360 3124 504 3201 pingendi
528 3121 675 3198 plurimus
700 3121 808 3179 fuisset
832 3137 903 3180 usus
925 3120 1042 3195 quinto-

73 3212 200 3271 decimo.

142 3295 220 3366 Quid
247 3294 327 3370 quod
356 3295 438 3369 ipseo
466 3293 657 3352 membranae
683 3290 832 3350 saeculum
860 3278 917 3348 XV
944 3291 1044 3364 potius

73 3399 166 3456 quam
181 3378 256 3438 XIII
270 3379 381 3438 referre
396 3376 597 3437 videbantur?

141 3463 301 3522 Praetereo
321 3463 466 3522 memoria
488 3462 579 3538 digne
592 3461 672 3520 haec.
704 3459 780 3518 Cum
795 3476 882 3532 saepe
898 3457 1044 3514 correctu-

72 3566 126 3608 rae
152 3549 296 3608 vitiorum
322 3565 383 3607 non
408 3546 497 3605 modo
522 3565 612 3604 manu
633 3545 736 3603 eedem
758 3541 810 3602 sed
831 3539 935 3598 eodem
955 3535 1045 3592 etiam
