2470 4010
215 201 255 265 12
622 206 775 264 curvum
1092 208 1211 282 [11111.

277 371 421 452 Aequesl
441 370 551 434 bechus
575 391 611 434 ac
633 391 747 454 poema
769 391 840 434 cum
863 370 987 434 scribit:

278 453 357 518 Tam
379 454 504 538 gaudet·
518 456 553 518 111
575 476 608 518 se
630 458 758 537 lemque
781 476 814 518 se
836 455 904 538 ipse
925 455 1073 519 miretur.

277 535 439 603 Nimirum
472 539 556 603 idem
590 559 700 602 omnes
736 538 891 621 fallimur,
927 542 1067 621 nequest·
1106 541 1211 624 quis·

886 644 958 685 uam

280 705 381 782 Quem
402 729 469 772 non
490 708 525 771 in
547 707 653 790 aliqua
673 729 708 771 re
729 706 835 770 videre
857 644 1020 770 iuffenim

216 803 250 853 20
278 789 397 856 Possis.
428 813 503 856 suus
526 792 638 874 cuique
660 791 831 856 attributus
854 793 903 854 esi
924 811 1025 854 error:

281 874 432 942 sednon
452 875 611 959 videmus,
633 876 791 940 manticae
814 873 898 958 quod
919 874 954 938 in
975 877 1119 959 lergosl.

627 1098 759 1171 ΧΧΙΠ.

322 1228 432 1312 Fumi,
455 1230 529 1314 quoi
550 1250 653 1313 neque
675 1249 782 1294 servos
805 1231 854 1293 esi
874 1250 976 1312 neque
998 1249 1074 1293 arca

322 1313 391 1378 Nec
413 1313 515 1378 cimex
536 1335 638 1397 neque
660 1335 792 1378 araneus
813 1334 917 1396 neque
938 1313 1038 1397 ignis,

324 1397 476 1464 Verumsi
497 1401 529 1462 ei
550 1401 641 1482 puter
663 1401 695 1462 ei
715 1418 866 1481 noverca,
889 1417 1022 1480 quorum

323 1481 443 1546 Dentes
465 1481 513 1545 vel
538 1483 660 1547 silicem
682 1504 823 1547 comesse
844 1485 993 1566 possunt,

323 1565 385 1630 Est
405 1565 536 1650 pulchre
558 1567 618 1631 ribi
640 1569 787 1631 cumino
809 1568 940 1650 parente

324 1650 462 1715 Etcum
484 1651 618 1736 coniuge
640 1651 748 1736 lignee
768 1650 920 1735 parentis.

323 1735 393 1800 Nec
414 1735 545 1800 mirum:
568 1736 649 1800 bene
670 1757 746 1799 nam
767 1735 881 1799 valetis
903 1755 1029 1818 omnes,

325 1819 461 1885 Pulchre
484 1820 695 1903 concoquiiis,
717 1818 799 1883 nihil
821 1819 956 1902 timetis,

322 1904 400 1971 Non
421 1904 582 1987 incendic,
604 1926 671 1968 non
692 1924 804 1989 graves
825 1905 934 1968 ruinas
939 1952 949 1986 ,

323 1988 400 2054 Non
421 1989 507 2052 furis
527 1988 632 2086 inpia,
654 2009 721 2052 non
743 1988 833 2052 dolos
854 1987 984 2071 veneni,

324 2070 401 2135 Non
423 2093 513 2135 casus
536 2073 615 2137 ahos
636 2073 859 2156 periculorum.

324 2155 426 2236 Alqui
447 2176 580 2302 corgore
602 2157 734 2222 sicciora
756 2177 855 2220 cornu

324 2238 392 2301 Aul
413 2238 495 2322 siqui
538 2242 641 2326 magis
663 2241 818 2305 aridumsl
838 2239 962 2304 habetis

326 2320 400 2386 Sole
422 2326 455 2386 el
475 2323 594 2409 frigore
617 2329 649 2389 01
671 2325 867 2390 essuriiione.

329 2404 432 2482 Quare
452 2429 520 2471 non
541 2409 600 2472 11111
622 2410 665 2473 sii
685 2410 766 2473 bene
788 2431 824 2474 ac
846 2408 958 2474 beate?

327 2491 359 2554 A
380 2495 413 2555 ie
435 2492 531 2557 sudor
552 2494 770 2577 ebesl,'abesi
791 2495 905 2576 saliva,

326 2574 501 2660 Mucusque
523 2581 556 2641 01
576 2577 661 2642 mala
682 2579 797 2661 pituita
817 2579 897 2642 nasi.

326 2659 420 2724 Hanc
442 2661 482 2724 ad
504 2662 692 2726 munditiem
714 2661 795 2726 adde
815 2661 1031 2746 mundiorem,

327 2743 418 2819 Quod
441 2746 529 2810 culus
550 2747 611 2809 1111
633 2747 741 2829 purior
763 2747 915 2829 salillosi,

323 2828 392 2896 Nec
413 2831 483 2894 1010
506 2830 609 2894 decies
632 2852 722 2896 cacas
744 2830 780 2894 in
802 2852 902 2913 anno,

326 2915 433 2999 Atque
453 2913 487 2978 id
509 2914 617 2979 durius
640 2918 689 2979 esi
709 2914 783 2979 faba
805 2919 837 2980 el
858 2914 990 3000 lapillis3

326 2999 419 3073 Quod
440 3001 476 3062 iu
497 2999 693 3064 simonibus
715 3002 799 3064 ieras
821 2999 993 3083 fricesque,

325 3081 402 3146 Non
418 3083 572 3168 'umquam
594 3084 627 3148 di
653 3086 731 3148 'ium
752 3084 919 3167 inquinare
940 3082 1056 3165 possis.

325 3164 414 3262 Haec
436 3170 472 3231 lu
493 3107 662 3234 commoii
680 3172 748 3232 tam
768 3169 875 3250 beata,
899 3165 987 3250 Furi,

324 3247 403 3313 Nolr
424 3271 572 3333 spernere
592 3275 652 3318 nec
673 3276 717 3338 pu
733 3274 786 3317 ere
806 3252 911 3336 parvi,

326 3331 371 3396 El
392 3336 537 3398 sestertia
558 3357 638 3418 quae
661 3339 744 3402 soles
765 3337 889 3421 precari

328 3413 464 3479 Centum
487 3417 609 3482 desine:
632 3440 708 3483 nam
730 3424 779 3484 set
801 3442 834 3484 es
856 3421 975 3483 heolus.
1079 3495 1083 3503 Ι

625 3555 777 3564 ——.-.....
