2476 4018
52 225 160 298 mm]
467 231 575 286 mana
595 234 617 289 1.
1004 230 1026 294 9

52 387 153 452 Falsa
175 391 252 456 licet
273 343 406 478 cupidus
428 393 567 491 deponat
587 394 704 479 gaudia
724 395 821 462 livor:

95 473 234 540 Destitit
255 475 303 542 ire
324 499 422 543 novas
445 477 585 562 Cynthia
604 481 718 543 nostra
738 481 817 545 vias.
990 493 1027 544 30

53 557 107 622 Illi
133 581 224 625 carus
247 583 308 647 ego
331 565 364 627 et
384 584 443 648 per
462 585 521 641 me,
537 563 701 628 carissima
720 561 824 628 Roma

94 643 237 730 Dicitur,
259 650 293 710 et
313 647 383 712 sine
403 669 456 712 me
477 647 582 712 dulcia
602 669 704 732 regna
722 650 830 733 negat.

53 727 117 792 llla
138 731 191 796 vel
212 735 351 816 angusto
372 753 498 798 mecum
518 732 717 816 requiescere
737 732 821 796 lecto

95 813 144 878 Et
165 837 366 900 quocumque
386 816 483 881 modo
505 817 619 881 maluit
640 838 709 882 esse
730 839 803 882 mea

55 897 162 974 Quam
182 899 246 964 sibi
268 901 394 966 dotatae
415 923 551 988 regnum
571 904 662 967 vetus
684 867 928 987 Hippodamiae,
989 915 1024 966 35

96 983 144 1048 Et
165 1005 245 1069 quas
265 984 336 1049 Elis
358 1007 435 1070 opes
457 990 531 1052 ante
551 989 681 1070 pararat
701 987 800 1070 equis.
1003 1061 1006 1068 ¹

56 1065 211 1143 Quamvis
232 1090 352 1155 magna
372 1071 472 1155 dmet,
494 1071 638 1156 quamvis
659 1070 784 1135 maiora
804 1071 945 1156 (latirus,

96 1153 176 1219 Non
196 1157 306 1218 tamen
326 1155 384 1220 illa
403 1177 492 1221 meos
514 1156 550 1220 fu
577 1155 601 1220 't
621 1177 715 1220 avare
736 1157 834 1222 sinus.

55 1236 151 1302 Hanc
174 1260 235 1324 ego
256 1261 324 1304 non
345 1261 432 1322 auro,
453 1262 522 1305 non
583 1239 631 1305 dis
652 1241 781 1306 flectere
802 1239 946 1325 conchis,

97 1321 164 1388 Sed
183 1324 276 1406 potui
297 1323 409 1390 blandi
429 1324 579 1390 carminis
602 1325 765 1410 obsequio.
989 1338 1025 1388 40

56 1404 140 1471 Sunt
161 1407 262 1492 igitur
282 1407 405 1493 Musae,
427 1431 531 1494 neque
553 1411 674 1475 amanti
695 1409 804 1476 tardus
825 1411 957 1495 Apollo,
1001 1479 1008 1494 Ι

97 1491 179 1568 Quis
201 1514 218 1557 o
243 1513 262 1557 o
284 1493 384 1557 fretus
406 1515 496 1559 amc:
520 1493 658 1578 Cynthia
679 1515 751 1558 rara
771 1499 883 1558 meast.

55 1575 154 1640 Nunc
211 1578 217 1589 '
246 1577 253 1590 '
277 1599 401 1642 summa
422 1579 498 1644 licet
519 1579 707 1662 contingere
728 1579 833 1642 sidera
853 1577 989 1661 plantis:

98 1660 175 1725 Sive
198 1661 266 1726 dies
289 1684 346 1728 seu
366 1684 432 1727 nox
452 1665 585 1746 venerit,
607 1663 664 1726 illa
685 1667 797 1746 meast,

54 1743 124 1810 Nec
148 1745 229 1810 mihi
249 1745 358 1812 rivalis
381 1750 484 1812 certos
507 1749 655 1812 subducit
677 1768 811 1814 amores.
987 1757 1022 1809 45

95 1829 167 1894 Ista
187 1853 293 1895 meam
313 1833 401 1896 norit
422 1833 527 1917 gloria
550 1833 710 1898 canitiem.

470 1953 616 1963 —u--n-——u

386 2047 595 2122 ‘VfflL

55 2168 211 2234 Dicebam
231 2169 294 2235 tihi
314 2172 477 2254 venturos,
498 2169 625 2254 inrisor,
647 2191 771 2234 amores

95 2253 168 2328 Nec
189 2255 251 2319 tibi
272 2257 428 2340 perpetuo
449 2255 552 2320 libera
572 2255 670 2320 verba
691 2255 776 2320 fore:

55 2337 142 2404 Ecce
162 2339 247 2404 iaces
268 2340 466 2424 supplexque
486 2339 577 2404 venis
599 2339 640 2404 ad
660 2340 731 2404 iura
750 2339 887 2424 puellae,

95 2423 143 2486 Et
161 2423 223 2488 tibi
243 2445 331 2488 nunc
353 2424 465 2508 quovis
486 2425 623 2509 imperat
645 2429 753 2510 empta
773 2424 878 2489 modo
986 2462 988 2466 ·

55 2506 134 2572 Non
153 2529 205 2572 me
228 2507 391 2574 Chaoniae
412 2508 544 2574 vincant
564 2509 601 2574 in
620 2531 729 2574 amore
751 2509 917 2572 columbae
1004 2519 1023 2570 o

97 2591 224 2676 Dicere,
249 2614 329 2676 quos
350 2593 481 2658 iuvenes
504 2614 647 2677 quaeque
668 2593 776 2676 puella
797 2592 914 2656 domet.

55 2675 109 2740 Me
133 2676 225 2741 dolor
247 2679 280 2740 et
300 2677 449 2742 lacrimae
470 2677 585 2741 merito
608 2676 713 2741 fecere
733 2675 887 2760 peritum:

97 2762 206 2845 Atque
228 2761 354 2826 utinam
374 2761 481 2847 posito
505 2760 594 2825 dicar
614 2781 723 2825 amore
744 2759 848 2823 rudis!

57 2843 141 2920 Quid
161 2846 222 2910 tibi
235 2867 323 2911 nunc
337 2847 454 2912 misero
468 2844 600 2930 prodest
613 2866 712 2931 grave
726 2843 830 2908 dicere
845 2863 974 2906 carmen
1004 2920 1011 2929 θ

96 2931 166 2994 Aut
187 2928 403 3014 Amphioniae
423 2930 551 2994 moenia
570 2931 647 2994 flere
672 2928 783 3013 lyrae?
989 2939 1024 2990 lo

55 3013 134 3078 Plus
155 3014 190 3077 in
212 3036 321 3079 amore
341 3015 430 3080 valet
450 3014 633 3081 Mimnermi
654 3035 765 3078 versus
786 3011 943 3077 Homero:

99 3097 252 3163 Carmina
272 3102 457 3164 mansuetus
479 3099 565 3164 lenia
586 3098 711 3183 quaerit
730 3097 843 3163 Amor.

56 3182 73 3246 l
116 3204 212 3248 uaeso
234 3186 268 3248 et
288 3183 397 3249 tristes
418 3183 499 3248 istos
522 3203 668 3269 conpone
689 3181 826 3266 libellos,

128 3269 144 3330 t
166 3288 243 3332 cane
265 3267 352 3352 quod
374 3269 503 3352 quaevis
523 3289 618 3332 nosse
639 3266 747 3351 puella
767 3267 855 3332 velit.
983 3335 995 3352 Μ,

59 3349 143 3426 Quid
166 3351 281 3416 sinon
303 3355 388 3418 esset
408 3353 513 3418 facilis
535 3352 596 3416 tibi
618 3351 734 3436 copie?
754 3373 841 3418 nunc
861 3355 899 3416 tu
990 3361 1024 3414 15

98 3433 237 3500 Insanus
258 3435 365 3501 medio
387 3437 518 3502 flumine
541 3436 665 3521 quaeris
689 3459 813 3520 aquam.

55 3517 206 3584 Necdum
228 3520 324 3586 etiam
344 3521 457 3608 palles,
479 3542 554 3587 vero
575 3543 636 3587 nec
657 3521 801 3606 tangeris
821 3519 907 3604 igni:
