2486 4010
75 224 126 295 n]
474 225 582 280 11111
603 227 634 284 v.
1008 224 1049 290 91

120 386 240 472 Meque
261 387 366 454 virum
387 391 515 472 sumpta
536 390 608 473 quis
629 393 728 488 neget
749 411 818 456 esse
839 389 940 478 toga?

77 471 132 537 Da
152 472 269 536 falcem
290 475 323 536 et
343 475 431 537 torto
452 475 593 538 frontem
612 475 694 538 mihi
709 476 873 560 conprime
887 477 998 543 faeno:
1015 489 1049 539 25

121 555 249 620 Iurabis
270 559 382 622 nostra
403 559 551 642 gramina
572 564 659 623 secta
679 581 786 624 manu.

77 641 184 704 Arme
203 641 265 704 tuli
287 640 449 724 quondam
470 645 517 726 et,
539 644 681 726 memini
703 644 856 708 laudabar
877 646 913 708 in
933 645 1014 712 illis:

123 724 239 789 Corbis
261 725 297 788 in
317 726 459 810 inposito
480 725 622 810 pondere
643 749 766 792 messor
788 749 883 792 eram.

80 807 215 873 Sobrius
236 809 278 872 ad
298 810 387 874 lites:
410 813 445 875 at
466 813 571 875 oumst
591 811 720 896 inposta
741 833 875 897 corona,

124 891 289 958 Clamabis
311 894 409 978 capiti
430 895 507 960 vina
529 894 652 961 subisse
673 918 753 961 meo.
1015 909 1052 961 80

81 975 187 1062 Cinge
209 981 306 1062 caput
326 979 435 1063 mitra,
458 981 598 1063 speciem
619 981 752 1045 furabor
772 980 896 1046 Iacchi:

123 1060 269 1126 Furabor
289 1061 427 1147 Phoebi,
450 1064 478 1127 si
499 1065 595 1128 modo
617 1066 739 1149 plectra
760 1066 861 1130 dabis.

82 1143 235 1210 Cassibus
256 1146 406 1230 inpositis
427 1169 541 1212 venor:
565 1149 621 1214 sed
641 1148 818 1214 harundine
840 1153 968 1234 sumpta

125 1229 253 1294 Faunus
275 1231 422 1314 plumoso
445 1253 516 1296 sum
538 1233 614 1298 deus
637 1235 782 1318 aucupio.

81 1313 145 1378 Est
165 1315 262 1378 etiam
283 1315 412 1401 aurigae
433 1318 556 1400 species
577 1317 773 1384 Vertumnus
796 1322 829 1384 11
854 1321 937 1403 eius,
1016 1330 1051 1382 31

125 1397 247 1462 Traioit
268 1399 392 1463 alterno
415 1401 470 1484 qui
490 1401 561 1466 leve
581 1403 708 1485 pondus
731 1423 823 1486 equo.
954 1463 957 1468 .

82 1481 129 1547 Su
174 1485 240 1546 etat
261 1481 338 1567 hoo,
360 1485 464 1580 pisces
487 1486 609 1549 calamo
630 1487 822 1569 praedator,
845 1491 878 1550 et
899 1487 952 1552 ibo

160 1566 264 1631 undus
287 1567 433 1632 dem1ssis
456 1568 585 1632 institor
605 1570 643 1632 in
663 1570 790 1633 tunicis.

81 1649 253 1715 Pastorem
273 1651 313 1715 ad
333 1652 483 1716 baculum
504 1675 635 1736 possum
658 1674 767 1717 curare
788 1653 841 1717 vel
861 1654 946 1717 idem

127 1734 293 1820 Sirpiculis
314 1736 421 1800 medio
443 1737 573 1832 pulvere
594 1739 679 1802 ferre
696 1759 812 1801 rosam.
1018 1750 1051 1802 40

82 1816 170 1885 Nam
205 1819 282 1903 quid
317 1841 377 1906 ego
407 1821 565 1904 adiciam,
601 1821 640 1886 de
672 1843 735 1969 qufro
763 1821 845 1884 mihi
872 1821 1010 1886 maxima

709 1909 825 1987 amasi,

3 2051 4 2054 ,
126 1987 305 2052 Hortorum
325 1989 361 2052 in
382 1990 529 2054 manibus
552 1990 637 2054 dona
657 1990 794 2073 probata
813 1989 917 2053 meis?

84 2070 258 2138 Caenrleus
281 2073 422 2137 cucumis
443 2074 628 2156 tumidoque
651 2073 815 2138 cucurbita
835 2076 947 2138 ventre

127 2155 181 2220 Me
201 2156 296 2220 notat
317 2160 350 2220 et
370 2157 464 2221 iunco
487 2158 627 2221 brassica
649 2159 757 2222 vincta
778 2157 857 2241 levi,

83 2237 155 2304 Nec
174 2240 235 2304 flos
256 2240 340 2304 ullus
361 2240 431 2304 hiat
451 2243 567 2325 pratis,
591 2242 668 2324 quin
689 2241 744 2304 ille
765 2242 914 2306 decenter
1018 2251 1054 2305 45

125 2324 292 2407 Inpositus
313 2325 415 2389 fronti
435 2327 587 2410 langueat
608 2328 683 2389 ante
703 2347 800 2390 meae.

83 2409 132 2472 At
152 2408 247 2492 mihi,
270 2409 355 2493 quod
376 2410 496 2473 formas
517 2431 600 2474 unus
621 2411 767 2475 vertebar
788 2411 825 2474 in
846 2428 968 2492 omnes,

126 2491 256 2558 Nomen
277 2493 318 2557 ab
340 2496 456 2557 eventu
477 2495 581 2577 patria
602 2494 714 2579 lingua
735 2495 838 2578 dedit3

83 2576 331 2660 11111111,
353 2577 432 2641 meis
454 2579 595 2642 tribuisti
616 2578 758 2660 praemia
778 2577 901 2658 Tuscis,

127 2659 224 2725 Vnde
245 2660 341 2725 hodie
362 2662 451 2726 vicus
472 2662 604 2725 nomina
625 2661 747 2724 Tuscus
769 2659 884 2740 habet,
1018 2669 1055 2723 10

84 2744 244 2830 Tempore
265 2766 328 2828 quo
351 2746 447 2809 sociis
468 2745 558 2809 venit
571 2743 780 2828 Lycomedius
804 2742 901 2806 armis

127 2831 238 2912 Atque
260 2829 379 2894 Sabina
399 2829 461 2892 feri
483 2829 630 2894 contudit
651 2849 739 2892 arma
760 2826 843 2892 Tati.

3 2973 4 2980 ,
82 2913 162 2978 Vidi
183 2933 244 2997 ego
266 2912 411 2977 labentes
433 2914 517 2978 acies
539 2917 573 2977 et
593 2913 658 2976 tela
679 2912 813 2995 caduca,

126 2997 237 3079 Atque
258 2996 368 3062 hostes
389 2999 477 3081 turpi
498 3001 590 3082 terga
612 2997 737 3061 dedisse
758 2996 864 3081 firgae.

3 3085 5 3132 ἒ
82 3080 151 3146 Sed
171 3081 286 3163 facias,
309 3081 417 3146 divum
439 3084 541 3163 sator,
563 3083 600 3144 ut
620 3080 767 3144 Romana
787 3101 844 3163 per
866 3099 979 3144 aevum
1020 3089 1054 3144 56

3 3187 4 3234 1
128 3164 286 3228 Transeat
306 3169 381 3229 11111
402 3187 490 3229 meos
511 3165 661 3228 turbato
686 3167 738 3228 ata
759 3164 866 3248 pedes.

3 3757 5 3818 1

84 3249 152 3314 Sex
172 3251 325 3332 superant
346 3271 470 3314 versus:
492 3252 541 3331 te,
564 3249 619 3332 qui
640 3187 685 3312 ad
701 3247 885 3313 vadimonia
900 3249 1012 3332 curris,

127 3331 207 3398 Non
227 3354 349 3398 moror:
371 3333 449 3398 haec
471 3334 584 3417 spatiis
606 3333 720 3396 ultima
741 3337 827 3398 meta
848 3335 938 3400 meis.

3 3439 4 3448 ¹
84 3416 195 3564 Sfiff
218 3439 353 3482 acernus
376 3440 479 3501 eram,
501 3419 687 3502 properanti
707 3419 789 3483 falce
812 3419 947 3500 dolatus,

186 3504 219 3565 te
240 3501 381 3568 Numam
403 3506 497 3587 grata
517 3524 638 3587 pauper
659 3503 694 3568 in
715 3504 794 3567 urbe
817 3503 901 3566 deus.
1022 3509 1057 3562 so

138 3602 311 3672 nummu„
346 3617 366 3632 --
382 3615 398 3637 ι.
440 3614 459 3626 ·-
885 3605 902 3653 r
