2476 4018
597 235 792 294 suessam
1117 237 1183 308 [xi.

558 429 612 504 xi
638 425 821 524 [iunii]

274 553 371 622 Nunc
393 555 490 620 etiam
510 553 648 618 infectos
671 552 800 616 demens
823 552 947 618 imitare
963 551 1142 618 Britannos
1149 601 1159 637 ,

317 639 415 704 Ludis
437 642 470 704 et
491 639 621 702 externo
643 636 746 701 tincta
766 637 871 701 nitore
894 637 1011 720 caput?

275 722 322 788 Vt
341 727 455 788 natiue
476 722 579 806 dedit,
603 721 649 786 sic
670 721 774 785 omnis
795 724 882 786 recta
902 721 1051 805 figurast:
1148 736 1182 784 25

319 807 435 892 Turpis
456 805 601 872 Romano
623 805 774 890 Belgicus
797 826 853 869 ore
875 806 970 870 color.

246 889 334 956 alni
356 893 414 956 sub
435 891 530 956 terris
551 891 630 954 fiant
650 890 735 954 mala
756 890 857 956 multa
878 889 1017 974 puellae,

319 976 406 1052 Quae
427 976 562 1040 mentita
584 997 655 1040 suas
677 974 773 1038 vertit
793 973 903 1057 inepta
924 995 1042 1038 comas.

276 1058 325 1125 De
347 1082 413 1142 ma,
435 1060 481 1126 mi
502 1061 586 1124 certe
607 1058 727 1144 poteris
747 1059 889 1123 formosa
907 1058 1021 1144 videri3

318 1144 366 1208 Mi
386 1144 528 1209 formosa
549 1147 599 1208 sat
620 1164 653 1207 es
691 1143 835 1208 simodo
858 1163 951 1226 saepe
972 1144 1072 1208 venis.
1147 1157 1182 1206 30

275 1228 330 1291 An
353 1227 381 1292 si
401 1229 545 1292 caeruleo
568 1192 722 1312 quaedam
744 1249 802 1290 sua
822 1231 967 1310 tempora
987 1227 1062 1291 fuco

227 1323 262 1373 10
317 1311 477 1393 Tinxerit,
498 1310 617 1375 idcireo
640 1312 766 1376 caerula
786 1312 890 1375 forma
910 1311 1048 1374 bonast‘?

277 1394 359 1460 (lum
379 1395 439 1459 tibi
459 1417 519 1460 nec
540 1395 720 1460 fraternae
742 1397 784 1459 sit
804 1396 865 1459 tibi
885 1395 969 1458 fflius
990 1395 1091 1478 ullus,

319 1479 430 1544 Frater
451 1501 511 1566 ego
534 1483 567 1543 ct
587 1479 647 1543 tibi
670 1481 730 1544 sim
751 1479 836 1544 filius
857 1501 939 1544 unus
961 1499 1032 1563 ego,

277 1563 351 1648 Ipse
372 1568 445 1629 tuus
468 1585 593 1648 semper
613 1564 674 1628 tibi
695 1565 738 1628 sit
759 1564 903 1628 custodia
924 1564 1041 1646 lectus,
1147 1580 1181 1629 35

319 1647 389 1713 Nec
408 1649 505 1713 nimis
527 1651 641 1713 ornata
661 1649 767 1713 fronte
789 1648 897 1712 sedere
918 1647 1006 1711 velis.

228 1746 262 1795 15
277 1730 413 1798 Credam
435 1753 495 1817 ego
516 1733 675 1815 narranti,
697 1733 766 1796 noli
788 1732 990 1815 conmittere,
1012 1732 1136 1800 famae:

319 1816 364 1882 Et
384 1819 503 1884 terram
523 1839 632 1881 rumor
652 1817 793 1881 transilit
815 1819 847 1881 et
867 1816 977 1880 maria.

618 1956 769 1964 ...—

559 2049 629 2122 nn
654 2048 831 2142 [numu.

276 2171 349 2236 Etsi
370 2194 421 2237 me
443 2172 543 2237 invito
567 2171 716 2254 discedis,
739 2170 893 2255 Cynthia,
915 2169 1033 2256 Roma,

319 2255 435 2318 Laetor
456 2256 541 2340 quod
563 2257 631 2320 sine
652 2278 703 2320 me
726 2255 817 2320 devia
837 2277 911 2319 rura
932 2256 1027 2320 coles.

276 2337 393 2403 Nullus
416 2340 478 2402 erit
498 2341 593 2403 castis
614 2339 738 2404 iuvenis
761 2342 926 2423 corruptor
947 2341 981 2403 in
1007 2341 1114 2426 agris,

322 2422 383 2497 Qui
404 2425 436 2486 te
458 2422 622 2487 blanditiis
643 2445 710 2489 non
732 2425 816 2488 sinat
837 2445 905 2489 esse
927 2425 1076 2510 probam3
1231 2493 1232 2508 χ

249 2507 379 2572 sNulla
398 2527 501 2590 neque
523 2509 597 2571 ante
617 2509 689 2572 tuas
711 2510 831 2572 orietur
851 2510 920 2572 rixa
941 2509 1119 2590 fenestras,
1231 2511 1232 2578 3

319 2591 389 2656 Nec
409 2591 469 2656 tibi
491 2592 643 2656 clamatae
665 2614 795 2657 somnus
817 2614 942 2657 amarus
964 2593 1034 2657 erit.
1167 2665 1171 2677 ¹
1231 2609 1232 2668 ζ

278 2675 354 2741 Sola
375 2677 435 2741 eris
458 2680 491 2741 et
512 2677 598 2742 solos
620 2678 793 2762 spectabis,
818 2676 970 2763 Cynthia,
992 2681 1124 2742 montes

319 2760 364 2826 Et
383 2782 480 2846 pecus
502 2765 534 2826 et
554 2762 634 2826 fines
655 2763 803 2846 pauperis
825 2762 994 2846 agricolae.

277 2846 350 2912 Illic
370 2847 403 2910 te
424 2845 505 2910 nulli
525 2849 676 2929 poterunt
698 2867 898 2930 corrumpere
920 2847 953 2911 lu
976 2847 988 2910 i

229 2944 263 2994 10
307 2915 466 3014 ‘Panaque
487 2930 626 3013 peccatis
647 2930 786 3015 plurima
808 2951 902 2995 causa
922 2933 986 2996 tuis

277 3015 349 3080 Illic
371 3015 502 3080 adsidue
523 3018 631 3079 tauros
654 3014 811 3101 spectabis
834 3019 961 3080 arantes

319 3099 364 3164 Et
383 3101 482 3165 vitem
502 3099 595 3165 docta
615 3120 734 3185 ponere
753 3099 836 3164 falce
858 3121 979 3184 comas,

277 3183 323 3248 At
344 3205 384 3246 ue
405 3184 451 3248 ibi
471 3207 543 3249 rara
563 3184 646 3248 feres
667 3184 788 3248 inculto
810 3185 882 3248 tura
904 3186 1038 3270 sacello,

353 3266 448 3332 aedus
469 3269 525 3333 ubi
546 3271 687 3353 agrestes
710 3272 835 3332 corruet
856 3272 929 3333 ante
950 3270 1058 3352 icem,

229 3365 261 3415 15
275 3349 426 3416 Protinus
449 3353 481 3414 et
501 3353 587 3415 nuda
608 3352 740 3417 choreas
761 3352 926 3418 imitabere
948 3376 1037 3440 sura;

320 3432 437 3498 Omnia
458 3432 497 3495 ab
520 3438 650 3499 externo
673 3436 740 3500 sint
759 3437 855 3502 modo
876 3441 946 3502 tuta
967 3439 1048 3503 viro.

277 3518 351 3602 Ipse
373 3535 433 3600 ego
455 3517 610 3584 venabor:
630 3520 695 3584 iam
717 3541 803 3585 nuno
823 3544 875 3588 me
898 3543 987 3588 sacra
1008 3524 1141 3594 Dianae
1230 3583 1231 3610 ἶ
