2468 4036
212 263 236 330 6
630 269 774 326 imvm
1137 275 1184 345 [u

227 445 261 495 95
275 431 370 496 Hunc
391 451 485 514 puer,
512 430 599 496 hunc
620 431 742 496 iuvenis
763 433 858 497 turba
880 433 1072 498 circumterit
1090 437 1183 518 arta,

318 515 384 579 Des
407 516 456 579 uit
476 517 511 580 in
532 517 646 580 molles
668 519 701 579 et
722 516 784 580 sibi
805 517 939 602 quisque
961 519 1058 584 sinus.

276 601 323 664 At
379 600 385 613 '
411 601 553 684 ipatus,
575 600 702 664 Venus:
724 622 850 684 semper
870 603 930 666 esi
953 603 1060 667 dedita
1080 605 1184 668 servit

319 683 412 748 Mens
434 707 520 750 mea:
544 684 620 769 quid
641 705 761 748 messes
783 685 849 766 uris
871 687 985 751 acerba
1006 687 1098 752 tues?

619 815 773 825 n—..2-...-.

659 900 724 974 111.

275 1024 369 1090 ibitis
390 1025 537 1109 Aegaeas
558 1023 628 1088 sine
648 1045 714 1103 me,
737 1024 904 1109 Messalla,
925 1047 983 1110 per
1004 1025 1125 1110 undas,

319 1110 347 1174 Ο
368 1110 493 1173 utinam
513 1129 670 1173 memores
691 1109 762 1192 ipse
784 1107 961 1193 cohorsque
982 1113 1063 1175 mei:

275 1192 329 1258 Me
350 1197 440 1258 tenet
459 1193 579 1279 ignotis
602 1214 734 1277 aegrum
754 1191 913 1258 Phaeacia
932 1195 1043 1258 terris:

318 1278 490 1342 Abstineas
512 1279 634 1359 avidas,
656 1277 745 1340 Mors
765 1299 880 1361 precor
901 1281 983 1362 ama,
1007 1301 1134 1344 manus.

245 1373 262 1422 s
276 1363 464 1446 Abstineas,
480 1362 569 1427 Mors
585 1365 668 1444 atra,
683 1383 812 1445 precor:
833 1383 901 1426 nou
914 1362 968 1426 hic
977 1363 1063 1426 ,mihi
1077 1367 1184 1428 mater

319 1447 407 1523 Quae
428 1447 516 1533 legat
536 1449 571 1511 in
591 1449 729 1511 maestos
751 1467 824 1510 ossa
844 1450 974 1530 perusta
996 1448 1100 1531 sinus,

276 1531 354 1598 Non
375 1553 479 1616 soror,
502 1531 652 1614 Assyrios
675 1530 774 1594 cineri
795 1552 876 1614 quae
899 1531 993 1595 dedat
1014 1531 1132 1596 odores

318 1617 362 1682 Et
381 1617 457 1682 fleat
478 1616 586 1681 effusis
608 1618 682 1680 ante
704 1615 849 1698 sepulcra
871 1617 985 1698 comis,

276 1700 370 1766 Delia
390 1723 458 1766 non
479 1723 627 1785 usquam3
650 1721 729 1783 quae
750 1719 801 1762 me
824 1721 920 1782 quam
934 1701 1078 1766 mitteret
1091 1701 1182 1782 urbe,

228 1798 261 1850 10
317 1786 443 1852 Dicitur
465 1789 539 1850 ante
561 1806 672 1848 omnes
694 1783 890 1848 consuluisse
913 1783 999 1848 deos.

276 1871 338 1936 illa
359 1893 465 1937 sacras
487 1869 577 1954 pueri
599 1871 701 1934 sortes
721 1871 772 1933 ter
792 1869 936 1933 sustulit:
959 1869 1008 1932 illi

318 1957 455 2022 Rettulit
477 1977 493 2018 e
514 1953 607 2018 trinis
630 1952 737 2016 omina
759 1956 845 2016 certa
865 1974 954 2036 puer.
1025 1998 1028 2002 -

277 2040 399 2106 Cuncta
420 2040 540 2104 dabant
560 2037 695 2102 reditus:
715 2040 825 2101 tamen
848 2041 897 2101 est
918 2037 1071 2103 deterrita
1088 2061 1182 2104 num-

820 2143 931 2204 quam,

318 2209 404 2285 Quin
424 2210 515 2274 fieret
535 2210 663 2272 nostras
684 2209 907 2289 respueretque
929 2206 1007 2272 vias.

229 2305 261 2354 15
276 2290 349 2376 Ipse
372 2313 431 2376 ego
454 2293 586 2375 solator,
611 2313 682 2355 cum
703 2291 768 2354 iam
789 2291 941 2354 mandata
962 2291 1144 2376 dedissem,

320 2376 517 2451 Quaerebam
537 2376 645 2440 tardas
667 2375 779 2439 anxius
800 2396 900 2459 usque
920 2397 1037 2440 morae.

276 2461 344 2525 Aut
366 2482 426 2546 ego
449 2481 519 2523 sum
540 2462 686 2524 causatus
708 2481 782 2523 aves
804 2463 859 2522 aut
880 2461 987 2524 omina
1008 2460 1094 2545 dira,

319 2544 486 2610 Saturnius
508 2565 631 2609 sacram
652 2565 703 2608 me
724 2544 865 2608 tenuisse
887 2544 980 2609 diem.

278 2629 304 2694 Ο
327 2628 472 2713 quotiens
495 2629 659 2714 ingressus
680 2629 741 2692 iter
762 2627 842 2692 mihi
862 2628 968 2692 tristia
989 2627 1057 2693 dixi

227 2727 261 2776 20
317 2714 481 2779 Offensum
503 2715 538 2778 in
558 2717 652 2797 porta
674 2714 768 2797 signa
788 2712 912 2777 dedisse
934 2714 1064 2796 pedem!

275 2799 402 2863 Audeat
421 2799 523 2863 invito
545 2798 657 2882 nequis
679 2795 839 2861 discedere
860 2797 995 2881 Amore,

317 2885 384 2948 Aut
405 2884 486 2948 sciat
508 2904 669 2968 egressum
691 2903 725 2945 se
768 2880 936 2946 rohibente
958 2881 1027 2947 deo.

277 2968 360 3044 Quid
381 2971 438 3032 tua
451 2989 537 3033 nunc
552 2967 612 3031 isis
627 2965 721 3048 mihi,
736 2903 842 3054 liclia,
858 2964 934 3050 quid
946 2965 1026 3030 mihi
1040 2972 1181 3051 prosunt

317 3052 378 3116 Illa
398 3055 454 3117 tua
475 3052 593 3116 totiens
616 3071 688 3114 aera
707 3050 837 3134 repulsa
857 3071 971 3134 manu,

226 3145 260 3196 25
276 3133 411 3219 Quidve,
434 3136 486 3220 pie
509 3137 584 3201 dum
606 3134 812 3216 sacrocolis,
834 3156 974 3218 pureque
995 3135 1098 3200 lavari

318 3217 362 3282 Te
386 3219 545 3306 (memini)
569 3223 601 3284 et
621 3241 701 3303 puro
724 3219 904 3284 secubuisse
925 3219 1021 3284 toro?

275 3301 380 3399 Nunc,
397 3302 464 3386 dea,
486 3325 573 3367 nunc
588 3325 734 3400 succurre
748 3301 828 3367 mihi
844 3303 932 3452 qiam
946 3324 1041 3401 posse
1055 3307 1180 3373 mederi

316 3385 408 3450 Prota
430 3387 523 3450 docet
543 3386 671 3470 temphs
692 3388 794 3451 multa
815 3391 849 3452 ta
872 3388 934 3452 ella
954 3389 1048 3474 tuos),

275 3467 321 3534 Vt
342 3490 413 3533 mea
434 3468 556 3534 votivas
577 3472 761 3552 persolvens
782 3470 876 3535 Delia
897 3493 990 3536 voces

226 3565 261 3614 so
317 3542 404 3616 Ante
426 3573 531 3618 sacras
553 3552 619 3618 lino
640 3555 726 3618 tecto
746 3553 831 3619 fores
851 3555 961 3620 sedeat
