2470 4010
38 227 212 295 mxmq
465 225 583 282 LIBER.

130 386 266 452 Amicos
287 387 488 471 modicosque
511 394 700 454 convocate:

130 471 210 536 Non
232 475 282 535 est
303 493 381 536 sana
402 473 517 555 puella.
547 494 607 537 nec
627 477 755 558 rogate,

132 553 244 631 Qualis
267 556 325 621 sit:
348 556 431 620 solet
452 578 522 621 csse
544 557 733 642 imaginosa

457 688 609 697 --..-.

438 751 649 844 intirim.v

14 867 33 892 ’
132 894 270 977 Adeste,
292 892 566 977 hendecasyllabi,
589 898 668 978 quot
689 897 765 960 estis

134 977 254 1042 Omnes
276 977 429 1060 undique,
452 981 609 1061 quotquot
631 981 707 1043 estis
731 1001 850 1047 omnes.

132 1060 244 1126 Iocum
265 1083 317 1125 me
338 1063 432 1145 putat
453 1083 522 1126 essa
543 1064 677 1127 moecha
697 1066 800 1148 turpis

131 1145 178 1211 Et
198 1149 296 1230 negat
316 1145 397 1210 mihi
417 1150 528 1210 nostra
549 1147 743 1212 reddituram

131 1230 322 1315 Pugillaria,
346 1230 373 1294 si
394 1231 463 1314 pati
483 1232 627 1315 potestis

131 1313 362 1398 Persequamur
384 1336 468 1398 eam,
491 1318 523 1378 et
544 1316 769 1402 reflagitemus

132 1397 221 1474 Quae
243 1399 299 1481 sit,
321 1400 483 1482 quaeritis,
511 1401 582 1484 illa,
604 1422 699 1485 quam
721 1403 836 1467 videtis

131 1481 239 1566 Turpe
260 1483 422 1565 incedere,
444 1484 572 1548 mimice
594 1507 631 1550 ac
652 1487 785 1551 moleste

128 1565 302 1631 Ridentem
324 1567 421 1632 cearli
443 1587 496 1631 ore
519 1568 687 1635 Gallicani.

130 1649 363 1716 Circumsistite
385 1673 470 1734 eam,
493 1656 526 1715 et
545 1654 737 1738 reflagitate,

132 1734 286 1800 ‘Moecha
306 1735 431 1819 putida,
453 1737 551 1800 redde
573 1739 751 1819 codicillos,

128 1817 258 1902 Redde,
279 1820 391 1902 putida
411 1820 563 1904 moecha,
586 1821 772 1886 codicillos)

128 1901 208 1967 Non
229 1903 309 1967 assis
330 1903 432 1968 facis?
455 1925 475 1967 o
496 1904 614 1988 lutum,
637 1907 786 1990 lupanar,

128 1988 200 2051 Aut
221 1988 249 2051 si
269 1987 422 2071 perditius
444 1991 552 2072 potest
573 1991 648 2074 quid
671 2011 750 2055 esse.

129 2071 194 2136 Sed
215 2093 283 2135 non
304 2075 480 2137 esttamen
500 2073 563 2138 hoc
585 2076 662 2138 satis
683 2076 870 2159 putandum.
996 2109 1012 2142 o

129 2154 224 2230 Quod
246 2157 273 2220 si
294 2177 361 2220 non
382 2156 469 2222 aliud
489 2162 613 2243 potest,
635 2162 783 2225 ruborem

127 2239 248 2304 Ferreo
270 2241 358 2304 canis
381 2242 594 2325 exprimamus
616 2265 680 2310 ore.

129 2322 336 2389 Conclamata
358 2327 474 2390 iterum
495 2329 610 2392 altiore
629 2351 708 2394 voce

128 2407 284 2472 ‘Moecha
304 2410 429 2493 putida,
451 2411 547 2476 redde
570 2413 749 2495 codicillos,

126 2491 255 2575 Redde,
276 2495 387 2577 putida
407 2495 556 2578 moecha,
578 2498 765 2563 codicillos!

128 2575 193 2640 Sed
213 2578 262 2641 nil
282 2579 465 2662 proficimus
471 2629 480 2662 ,
503 2580 585 2645 nihil
606 2587 760 2648 movetur.

126 2660 316 2726 Mutandast
337 2664 417 2727 ratio
440 2663 614 2747 modusque
636 2668 743 2748 vobis,

128 2743 242 2828 Siquid
263 2746 416 2829 proficere
438 2748 573 2830 amplius
595 2753 728 2833 potestis
735 2800 745 2832 ,

126 2828 268 2894 ‘Pudica
289 2834 321 2894 et
341 2831 456 2916 proba,
478 2832 574 2896 redde
598 2834 787 2899 codicillos!

453 2961 606 2974 ...ιι-...ι-

423 3045 625 3120 mum.

126 3165 238 3249 Salve,
260 3188 320 3232 nec
341 3167 473 3232 minimo
494 3168 602 3252 puella
622 3189 700 3232 naso

124 3251 196 3314 Neo
219 3251 305 3316 bello
327 3252 407 3335 pede
428 3275 488 3318 nec
509 3253 611 3338 nigris
634 3254 744 3318 ocellis

124 3334 197 3399 Neo
219 3335 326 3420 longis
349 3336 458 3420 digitis
479 3359 539 3401 neo
561 3359 615 3402 ore
638 3339 722 3420 sicco

124 3418 196 3482 Neo
219 3441 296 3484 sane
318 3421 414 3483 nimis
437 3422 582 3505 elegante
604 3422 731 3508 lingua,

123 3501 314 3569 Decoctoris
336 3505 439 3568 amica
461 3506 636 3571 Formiani
