2464 4020
461 212 674 270 PRAEFATIO.
929 224 1047 274 xxxm

70 385 165 464 guet.
209 381 350 459 Suspicor
370 379 485 442 dedisse
506 379 697 457 Pmpertium
720 379 801 441 mihi.
845 379 972 444 Dativus
992 383 1046 458 qui

71 471 191 530 dieitur
205 468 319 528 ethicus
333 465 496 525 identidem
511 483 558 540 ap.
573 465 660 524 illum
673 467 831 542 reperitiu.

145 553 187 612 ib.
204 553 244 612 20
258 551 338 611 eale
351 549 502 622 Heinsius,
518 549 604 610 stuhc
618 569 647 608 v.

145 636 188 696 ib.
205 637 243 694 21
263 651 328 695 aare
340 639 440 695 tornea
459 649 550 694 cause
563 637 604 694 est
617 634 810 694 sarcimine
823 638 909 696 tarda
922 637 1044 697 reeittc.

75 789 120 848 In
134 787 165 846 N
184 789 232 846 est
249 805 280 846 u.
295 791 315 846 t.
330 719 416 846 terhhe
428 737 541 845 rechitto
555 785 681 845 eimehe
700 734 791 846 chara
805 789 846 849 eet
860 719 922 853 chr,
937 786 1047 846 omissa

77 891 138 949 per
152 888 285 930 errorem
299 886 315 930 c
328 870 438 942 littera,
461 885 537 944 quae
558 885 649 944 supra
667 869 794 929 eimhee
812 869 949 944 ponenda
964 874 1045 944 erat3

74 957 256 1016 curantem
274 953 418 1029 seriptum
437 955 485 1011 est
508 970 563 1028 per
582 952 850 1025 abbreviationem,
871 953 1046 1028 compendio

74 1058 128 1113 eo,
150 1057 209 1116 quo
230 1037 303 1098 alias
316 1040 435 1097 tantum
449 1038 586 1112 correpta
599 1053 638 1096 ur
651 1035 750 1096 finalis
763 1036 950 1112 exprimitis,
968 1037 1048 1113 quod

77 1128 187 1184 tamen
206 1122 254 1181 hic
273 1121 439 1181 adhibitum
457 1137 496 1180 ne
517 1119 607 1180 nimis
621 1120 654 1180 in
668 1121 834 1197 marginem
847 1121 1047 1198 exspatiaren-

77 1211 134 1266 tur
149 1207 276 1265 litterae.
296 1205 333 1264 In
348 1204 383 1278 G,
399 1205 451 1282 qui
465 1203 585 1264 exbibet
598 1208 713 1264 rectum
727 1205 887 1266 verborum
902 1204 1046 1278 ordinem,

78 1291 198 1368 legitur
211 1308 271 1364 qao
284 1308 339 1365 pro
353 1307 414 1349 cre.

147 1392 189 1450 ib.
207 1392 256 1450 29.
279 1389 379 1450 Codex
393 1389 423 1448 N
433 1389 524 1448 habat
537 1390 650 1458 erechti,
660 1389 688 1450 (i
699 1390 820 1462 erethei‚·
833 1391 912 1452 unde
928 1391 965 1450 de
980 1407 1047 1450 eon·

80 1477 198 1535 iectura
211 1475 394 1550 scripserunt
407 1473 569 1543 Erechthei,
589 1473 643 1533 sed
655 1474 793 1550 pessime.
821 1473 900 1534 Nam
915 1475 973 1534 etsi
987 1474 1048 1533 Ho-

79 1577 203 1620 merum
222 1559 305 1618 cuius
323 1559 354 1617 h.
369 1557 390 1617 l.
411 1558 531 1617 omnino
551 1557 656 1616 debuit
674 1557 745 1617 inici
759 1557 872 1618 mentio
885 1558 1048 1618 Athenien·

80 1663 148 1704 sem
168 1643 261 1702 fuisse
275 1641 465 1702 Aristarchus
485 1645 517 1700 et
536 1641 630 1702 secuti
650 1650 719 1700 eum
733 1641 900 1702 scholastici
914 1641 1049 1717 plerique

79 1726 289 1799 erediderunt,
315 1727 388 1785 haec
411 1729 514 1786 umen
539 1726 640 1801 opinio
665 1727 785 1801 praeter
807 1726 888 1801 ipsas
914 1724 1049 1785 Athenas

80 1829 249 1886 numquam
268 1809 328 1869 fuit
347 1811 439 1887 vulgo
453 1812 573 1884 recepta
589 1808 668 1884 apud
686 1811 820 1884 veteres3
840 1809 893 1884 qui
912 1811 1049 1868 coustan-

81 1898 133 1955 ter
155 1893 264 1954 Chium
289 1895 352 1954 sive
372 1893 570 1971 Smyrnaeum
590 1893 729 1953 diruunt
746 1895 856 1953 satem.
891 1892 1051 1953 Praeterea

82 1983 121 2038 ut
140 1978 315 2055 Propertius
341 1979 429 2037 aliter
449 1975 590 2037 statuerit
607 1995 698 2052 quam
718 1993 821 2052 omnes
846 1975 955 2053 reliqui
980 1995 1049 2053 poe

82 2065 133 2122 tae
159 2061 260 2136 latini3
282 2062 466 2138 ineptissima
491 2065 594 2122 tamen
617 2061 648 2120 h.
668 2062 688 2120 l.
710 2060 895 2138 significatur
921 2062 1050 2137 simplici

82 2146 278 2207 Atheniensis
292 2145 412 2206 nomine
422 2145 580 2218 Homerus,
597 2145 804 2206 eumAthenas
819 2145 916 2206 omnis
931 2147 1050 2222 generis

84 2230 183 2307 poetis
203 2229 369 2290 abundasse
390 2232 514 2290 constet.
557 2229 682 2288 Accedit
701 2229 782 2306 quod
800 2247 861 2290 non
880 2230 979 2290 minus
999 2231 1049 2290 ab·

85 2314 176 2374 surde
195 2313 387 2374 Aflreniensis
407 2313 585 2373 vocabulum
604 2314 765 2389 opponitur
786 2313 917 2374 Socratis
935 2314 1051 2374 nomini

84 2398 167 2474 quod
180 2399 349 2474 praecessit,
366 2415 434 2456 cum
447 2397 496 2456 hie
508 2400 541 2456 et
553 2397 618 2473 ipse
638 2397 730 2458 fuerit
749 2415 786 2457 ex
799 2399 921 2458 civitate
935 2397 1049 2458 eadem.

84 2481 145 2542 Vix
164 2483 267 2542 tamen
286 2501 361 2558 opus
381 2482 564 2556 coniectura,
585 2481 674 2542 modo
699 2485 780 2542 reeta
805 2485 892 2541 utare
916 2482 1050 2556 apicibus

86 2565 220 2642 traditis3
235 2585 306 2625 nam
319 2565 406 2624 fluxit
419 2565 527 2626 vitium
540 2583 577 2625 er
590 2565 739 2640 scriptura
752 2565 905 2640 quadrata.
928 2565 1050 2642 Repone

86 2667 184 2712 ucria:

192 2733 257 2794 Aut
269 2734 342 2810 quid
355 2750 405 2808 epe
419 2732 486 2795 ohe
499 2733 557 2793 tibi
570 2735 699 2808 prosunt
712 2733 843 2792 earmina
857 2731 944 2793 lecta.

148 2819 232 2893 Epor
245 2837 307 2879 non
321 2819 418 2878 solum
431 2817 463 2877 in
477 2816 595 2877 Horatii
609 2816 718 2890 satiris,
739 2815 794 2875 sed
808 2816 898 2875 etiam
912 2817 946 2876 in
959 2816 1048 2876 eroti-

84 2902 127 2963 cis
143 2900 245 2964 Ovidii
263 2904 421 2978 reperitur.
451 2901 580 2961 Pluralis
600 2917 650 2975 epe
668 2897 738 2978 (nee
754 2917 825 2961 vero
841 2900 986 2976 singulari
1000 2899 1049 2960 hic

85 2989 151 3046 erat
163 2984 261 3062 locus)
283 2989 318 3045 ut
337 2986 416 3062 apud
430 2986 584 3046 Maronem
598 2990 663 3054 oete,
678 2983 758 3060 apud
771 2983 860 3044 Luor.
875 2987 907 3044 et
920 2981 985 3044 Cat.
995 3001 1048 3059 pe·

84 3071 158 3148 depe,
173 3070 253 3146 apud
265 3072 423 3146 plerosque
436 3075 536 3144 torpe.
562 3068 667 3144 Neque
681 3068 800 3128 hercule
816 3067 867 3143 qui
880 3069 962 3128 norit
975 3068 1047 3130 Pro-

84 3157 217 3231 pertium
243 3157 295 3214 aut
317 3155 351 3213 in
375 3154 520 3216 vocabulo
545 3169 650 3231 graeco
670 3153 774 3213 autin
794 3171 899 3229 graeca
922 3153 1048 3214 flexione

84 3239 230 3298 haerebit.
259 3236 302 3298 Vt
321 3239 369 3298 hic
384 3236 451 3299 Chii
470 3239 590 3298 nomine
610 3237 776 3296 Homerum
795 3237 839 3298 ita
857 3237 929 3297 alibi
947 3237 1049 3298 Phthic'

83 3325 143 3383 ehi
157 3323 235 3381 dixit
248 3322 406 3382 Achillem.
436 3321 576 3382 Ceterum
590 3341 628 3382 ne
642 3323 784 3399 languere
798 3325 886 3398 putes
900 3319 1049 3382 illudt'hc'e'

83 3408 230 3475 carmem,
246 3408 414 3482 appositum
429 3425 492 3466 esse
508 3407 640 3466 animum
654 3407 790 3467 attendas
805 3407 843 3465 ad
856 3424 915 3480 epe,
929 3408 964 3464 ut
978 3404 1049 3462 alibi

84 3489 168 3569 apud
178 3489 308 3551 eundem
322 3493 440 3567 liepeec
453 3493 582 3553 studites
592 3492 793 3556 Demosthenis
806 3509 902 3557 orme,
916 3489 966 3548 vel
980 3489 1050 3562 eleph

117 3591 271 3636 mamm-
864 3601 879 3638 c
