2486 4010
362 613 524 722 SEX.
561 621 1022 722 PROPERTII

534 788 847 867 uenerantur

494 977 637 1039 LIBER
664 977 882 1050 QVINTVS.
1137 980 1190 1040 IV

673 1195 704 1272 Ι.

270 1309 353 1394 Hoc
379 1327 598 1412 quodcumque
623 1327 729 1411 vides,
755 1326 888 1476 hospes,
917 1347 980 1410 qua
1005 1326 1154 1393 maxima

848 1414 968 1495 omast‚

313 1498 400 1562 Ante
421 1497 583 1583 Phrygem
604 1497 738 1562 Aenean
760 1496 850 1561 collis
873 1499 906 1560 et
926 1494 1026 1560 herba
1046 1495 1132 1562 fuit:

273 1581 302 1646 A
339 1603 378 1647 ue
399 1581 455 1646 ubi
475 1581 594 1648 Navali
614 1584 705 1648 stant
726 1601 817 1646 sacra
838 1579 965 1644 Palatia
985 1579 1135 1665 Phoebe,

343 1665 457 1731 uandri
478 1665 634 1751 profugae
656 1665 854 1730 concubuere
875 1664 982 1729 boves.

242 1747 440 1818 sFictilibus
463 1770 589 1814 crevere
611 1750 679 1814 deis
700 1750 780 1814 haec
801 1771 897 1814 aurea
917 1748 1049 1832 templa,

313 1832 382 1900 Neo
403 1834 466 1899 fuit
488 1834 658 1920 opprobrio
680 1833 768 1898 facta
789 1834 858 1899 sine
880 1837 948 1898 arte
970 1853 1063 1916 casa,

271 1915 335 1982 'Par
359 1917 487 2004 eiusque
508 1921 601 2002 pater
622 1919 708 1984 nuda
728 1917 768 1982 de
789 1939 868 2002 rupe
888 1914 1041 2000 tonabat,

344 2005 359 2065 t
380 2003 504 2070 Tiberis
526 2003 645 2069 nostris
667 2003 789 2068 advena
811 2002 915 2066 bubus
938 2004 1017 2065 erat.

271 2083 342 2161 Qua
363 2088 515 2172 gradibus
537 2087 649 2152 domus
669 2087 732 2152 iste
752 2085 847 2150 Remi
868 2108 901 2150 se
923 2085 1071 2168 sustulit,
1098 2087 1180 2152 olim

222 2181 255 2231 ιο
310 2168 403 2236 Unus
425 2174 494 2237 erat
513 2171 650 2238 fratrum
670 2171 809 2239 maxima
828 2193 929 2256 regna
950 2171 1051 2236 focus.

270 2250 376 2336 Curia,
398 2259 562 2338 praetexto
586 2277 667 2340 quae
687 2276 775 2322 nune
796 2255 881 2321 nitet
901 2255 967 2318 alta
988 2257 1122 2340 senatu,

313 2333 446 2403 Pellitos
468 2339 595 2423 habuit,
619 2341 739 2406 rustice
761 2340 872 2423 corda,
894 2341 1012 2423 patres.

270 2419 394 2488 Bucina
416 2422 552 2508 cogebat
572 2423 695 2507 priseos
718 2424 759 2487 erl
780 2425 877 2489 verba
899 2423 1054 2498 Quirites:

312 2504 451 2572 Genium
471 2506 519 2572 illi
540 2506 576 2571 in
597 2509 689 2590 prato
712 2529 805 2592 saepe
827 2510 956 2573 senatus
978 2511 1056 2572 erat.

222 2602 254 2653 1⁶
268 2589 338 2660 Nee
360 2591 491 2660 sinuosa
512 2612 588 2658 cavo
609 2590 794 2677 pendebant
814 2592 886 2657 vela
905 2591 1050 2675 theatro,

311 2660 440 2761 Pulpita
461 2677 633 2744 sollemnes
654 2697 723 2743 non
745 2677 851 2744 oluere
874 2673 996 2741 crocos.

271 2759 304 2826 N
326 2761 362 2824 lli
385 2783 460 2837 cura
480 2761 544 2827 fuit
565 2764 712 2826 externos
733 2782 882 2844 quaerere
904 2761 1010 2844 divos,

340 2845 566 2922 umtremeret
586 2845 691 2930 patrio
713 2845 853 2929 pendula
872 2842 967 2910 turba
988 2865 1096 2930 sacro,
1202 2863 1206 2874 ⁴

268 2929 448 3029 Annuaque
470 2951 603 2995 accenso
626 2929 786 2995 celebrare
807 2929 925 2994 Parilia
945 2928 1059 3011 faeno,

220 3025 254 3075 20
311 3001 425 3102 Quaha
445 3033 532 3080 nune
553 3017 643 3080 curto
665 3014 768 3079 lustra
788 3016 949 3079 novantur
970 3033 1065 3097 equo.

212 3159 214 3164 .
269 3095 368 3170 Vesta
390 3099 550 3164 coronatis
572 3119 692 3183 pauper
713 3097 873 3184 gaudebat
895 3095 1016 3189 asellis,

310 3171 482 3249 Ducebant
503 3205 627 3248 macrae
649 3183 725 3250 vilio
747 3203 836 3249 sacra
856 3182 965 3248 boves.

269 3264 371 3329 Perua
392 3267 533 3352 saginati
554 3267 735 3332 lustrabant
757 3266 896 3350 compita
917 3265 1017 3349 porci,

310 3333 426 3414 Pastor
448 3354 480 3413 et
502 3351 542 3428 ad
564 3350 702 3418 calamos
726 3355 800 3416 exte
821 3350 934 3428 litabat
956 3350 1035 3416 ovis.

220 3443 253 3493 ao
268 3430 411 3497 Verbera
455 3431 561 3496 allitus
584 3438 689 3505 setosa
710 3436 858 3502 movebat
880 3434 996 3516 arator,

310 3512 404 3580 Unde
426 3452 526 3580 icens
547 3513 666 3584 Fabius
689 3539 778 3584 sacra
799 3519 961 3604 Lupercus
983 3516 1094 3584 hebet.
