2470 4010
180 175 223 238 46
590 175 744 233 2122221
1027 179 1153 250 [axina

265 341 340 426 Ipse
362 343 469 405 autem
489 360 582 404 caeca
603 341 744 404 mentem
766 339 903 426 caligine
925 341 1067 406 Theseus

267 425 418 490 Consitus
440 424 539 489 oblito
563 423 684 488 dimisit
704 427 834 507 pectore
857 428 986 506 cuncta,

268 508 355 584 Quae
376 509 526 574 mandata
547 509 635 592 prius
658 509 819 573 constanti
840 513 948 574 mente
968 511 1117 592 tenebat,

182 604 233 656 212
267 593 382 658 Dulcia
402 615 463 658 nec
483 595 605 657 maesto
628 593 799 674 sustollens
823 594 917 678 signa
941 595 1067 677 parenti

269 678 429 762 Sospitem
449 676 665 741 Erechtheum
687 698 721 740 se
736 677 878 742 ostendit
894 677 996 742 212212
1010 681 1086 761 2212
1143 729 1150 741 .

265 761 413 846 Namque
435 762 542 826 ferunt
563 761 655 843 olim,
679 763 785 824 castae
807 783 880 826 cum
900 762 1028 826 moenia
1050 762 1140 826 divae

266 847 480 929 Linquentem
500 847 635 929 gnatum
656 845 760 908 ventis
785 845 991 910 concrederet
1011 847 1151 932 Aegeus,

267 931 360 996 Talia
382 930 572 1013 conplexum
583 927 700 994 “iuveni
720 929 873 993 mandata
894 930 1028 994 dedisse.

183 1028 233 1079 215
270 1015 386 1080 ‘Gnate
408 1013 489 1078 mihi
510 1014 610 1098 longa
631 1012 800 1078 iocundior
820 1015 914 1078 unice
935 1015 1018 1098 2122,

183 1114 233 1162 211
268 1099 403 1164 Reddite
425 1099 461 1162 in
483 1101 623 1162 extrema
643 1118 746 1182 nuper
766 1097 847 1162 mihi
868 1099 931 1162 fine
954 1101 1115 1182 senectae,

183 1199 234 1248 212
270 1185 382 1265 Gnate,
399 1203 458 1268 ego
474 1202 568 1265 quem
582 1182 617 1245 in
632 1182 745 1246 dubios
762 1204 860 1267 cogor
874 1183 1034 1248 dimittere
1050 1205 1151 1264 casae,

268 1266 530 1350 Quandoquidem
544 1266 674 1330 fortuna
687 1288 760 1330 mea
781 1288 817 1330 ac
838 1270 894 1332 222
915 1267 1038 1332 fervida
1051 1268 1152 1332 virtus

267 1352 375 1436 Eripit
396 1351 497 1415 1112122
518 1349 598 1414 mihi
618 1354 666 1434 22,
689 1351 740 1414 221
762 1351 915 1436 languida
935 1352 1080 1416 nondum

184 1451 235 1500 222
268 1437 406 1500 Lumina
430 1437 505 1499 sunt
525 1435 618 1520 gnati
639 1456 712 1498 cara
733 1438 873 1500 saturata
894 1436 1012 1521 figura:
1092 1493 1094 1496 .

268 1519 345 1586 Non
367 1542 427 1605 ego
449 1523 482 1583 22
502 1519 644 1604 gaudens
666 1520 800 1583 laetanti
821 1523 950 1603 pectore
971 1521 1115 1604 mittam,

269 1604 392 1670 Necte
414 1605 497 1668 12112
519 1604 623 1667 212212
644 1603 791 1667 fortunae
814 1605 907 1689 signa
929 1606 1102 1686 secundae,

270 1689 333 1756 Sed
354 1689 492 1773 primum
513 1689 630 1752 multas
653 1709 836 1770 expromam
855 1692 963 1752 mente
986 1689 1150 1772 querellae,

271 1774 430 1840 Canitiem
451 1777 537 1837 terra
558 1776 652 1856 atque
673 1772 779 1837 infuso
801 1772 930 1856 pulvere
951 1773 1097 1858 foedans,

185 1873 235 1922 225
269 1859 349 1924 12112
370 1859 489 1924 infecta
510 1879 592 1942 vago
615 1857 807 1940 suspendam
827 1857 927 1922 lintea
948 1859 1049 1940 malo,

270 1944 409 2009 Nostros
430 1946 467 2006 ut
488 1943 591 2006 luctus
613 1945 804 2027 nostraeque
825 1941 974 2006 incendia
995 1941 1112 2006 11122212

272 2027 430 2092 Garbasus
453 2027 621 2090 obscurata
643 2015 743 2104 dedet
754 2026 917 2111 ferrugine
938 2025 1070 2090 Hibera.

271 2110 362 2186 Quod
383 2111 443 2173 tibi
465 2110 492 2174 si
514 2111 617 2175 sancti
639 2110 832 2175 concesserit
852 2111 957 2174 incola
978 2109 1080 2192 Itoni,

272 2195 360 2270 Quae
373 2196 519 2258 nostrum
533 2217 634 2278 genus
650 2217 686 2259 22
698 2195 787 2259 221122
799 2194 967 2258 defendere
978 2193 1151 2258 Erechthei

186 2293 237 2360 232
271 2279 411 2360 Adnuit,
433 2282 470 2342 ut
490 2279 575 2342 tauri
596 2300 763 2363 respergas
786 2279 941 2377 sanguine
963 2279 1122 2360 dextram,

271 2364 353 2426 Tum
375 2383 449 2426 vero
471 2362 568 2426 facito
590 2366 626 2426 ut
646 2363 781 2428 memori
801 2364 862 2427 tib1
885 2363 1015 2428 condita
1036 2363 1131 2427 corde

271 2447 360 2512 Haec
381 2447 413 2511 vi
438 2449 513 2510 eant
533 2447 698 2530 mandata,
720 2459 780 2512 ne‘c
794 2448 860 2511 2112
876 2447 1038 2512 oblitteret
1054 2451 1152 2531 22222,

271 2531 317 2597 Vt
338 2469 470 2597 simulac
491 2534 620 2595 nostros
642 2533 782 2596 invisent
802 2532 924 2595 lumina
946 2532 1059 2609 colles,

271 2617 445 2682 Funestam
466 2619 624 2680 antennae
647 2617 810 2700 deponant
832 2616 971 2700 undique
993 2618 1131 2699 vestem,

187 2716 237 2766 233
273 2701 478 2786 Candidaque
499 2691 612 2764 intorti
634 2701 805 2764 sustollant
825 2702 895 2764 2212
915 2700 1082 2782 1211211222,

187 2787 391 2853 2351122122
412 2807 475 2869 qua
496 2785 665 2869 splendent
687 2785 804 2849 summi
826 2783 987 2849 carchesia
1009 2785 1103 2866 mali,

271 2873 375 2949 Quam
396 2871 535 2957 primum
557 2889 689 2934 cernens
710 2872 747 2933 ut
767 2869 851 2933 laeta
871 2851 989 2954 gaddis
1008 2871 1118 2932 mente

40 2952 150 3051 (pv-Q
271 2959 464 3042 Agnoscam,
479 2977 551 3020 cum
564 2957 597 3018 22
611 2952 759 3019 reducem
774 2957 861 3018 aetas
872 2974 1026 3037 prospera
1037 2952 1153 3016 sistet.'

35 3038 43 3082 '⁴
272 3040 361 3105 Η222
381 3043 531 3108 mandata
551 3039 640 3124 prius
663 3038 824 3103 constanti
846 3040 952 3102 mento
973 3040 1139 3101 tenentem

271 3123 395 3188 Thesea
416 3147 473 3188 ceu
494 3125 605 3208 pulsae
625 3125 795 3189 ventorum
815 3121 944 3186 flamine
965 3121 1068 3185 nubes
1101 3121 1103 3124 ’

187 3222 238 3272 242
273 3208 404 3272 Aerium
425 3205 511 3272 111221
532 3208 651 3273 12211212
673 3207 794 3291 liquere
817 3228 977 3270 cacumen.

186 3307 190 3314 ·
272 3294 318 3356 At
331 3296 437 3376 pater,
459 3296 496 3355 ut
511 3315 634 3356 summa
668 3293 851 3376 respectum
867 3313 906 3354 ex
921 3311 992 3354 arce
1006 3289 1155 3373 petebat,

273 3377 380 3440 Anxia
400 3376 435 3438 in
457 3374 605 3438 adsiduos
627 3315 795 3439 2222122112
816 3375 939 3438 lumina
958 3374 1068 3457 fletus,

274 3457 356 3524 Oum
376 3459 515 3542 primum
535 3458 646 3522 inlecti
669 3459 835 3542 conspexit
856 3459 955 3523 lintea
975 3458 1053 3541 veli,
