2486 4010
53 203 202 278 sxvm]
453 208 560 263 LIBER
581 209 630 265 111.
984 205 1027 280 55

98 367 137 430 ‘I
162 389 246 432 nunc
270 371 302 432 et
323 370 434 434 noctes
457 368 543 434 disce
565 391 693 434 manere
715 370 824 438 domi.²

54 452 160 515 Mane
182 455 264 535 erat,
287 455 320 516 et
340 452 442 535 volui,
466 455 493 516 si
515 454 584 518 sola
605 456 780 538 quiesceret
800 457 874 541 illa,

100 535 234 600 Visere:
256 538 289 600 et
309 537 344 600 in
366 537 449 600 lecto
473 536 612 620 Cynthia
635 539 704 602 sola
723 539 796 603 fuit.

57 619 237 704 Obstupui:
260 640 328 684 non
349 619 406 684 illa
426 620 506 684 mihi
527 621 698 686 formosior
718 644 869 706 umquam
995 636 1029 688 25

100 703 200 786 Visa,
223 725 328 788 neque
350 703 472 770 ostrina
493 725 565 770 cum
585 707 649 770 fuit
670 707 705 770 in
726 709 850 790 tunica,

57 786 138 851 Ibat
160 790 192 852 et
211 788 289 852 hinc
311 792 416 854 castae
437 793 601 854 narratum
623 792 746 856 somnia
767 789 899 874 Vestae,

101 871 181 937 Neu
201 871 266 936 sibi
286 894 367 936 neve
387 873 468 938 mihi
485 895 565 958 quae
586 876 733 939 nocitura
753 875 874 940 forent:
986 921 992 932 ,

59 954 153 1020 Talis
172 956 242 1020 visa
262 955 344 1020 mihi
365 978 478 1022 somno
501 957 631 1022 dimissa
651 961 782 1024 recenti.

103 1039 160 1104 En
180 1043 337 1125 quantum
357 1062 415 1126 per
436 1064 470 1107 se
492 1042 626 1108 candida
646 1043 751 1108 forma
771 1044 871 1108 valet!
995 1056 1029 1106 ao

61 1123 154 1200 ‘Quo
175 1127 213 1188 tu
231 1124 423 1190 matutinus²
445 1127 491 1190 ait
513 1127 713 1210 ‘speculator
734 1127 876 1192 amicae?

105 1208 160 1274 Me
182 1209 321 1274 similem
341 1209 454 1276 vestris
476 1211 618 1276 moribus
641 1233 710 1290 esse
731 1211 848 1297 putas?

63 1291 142 1356 Non
163 1315 224 1378 ego
246 1296 313 1358 tam
333 1293 452 1360 facilis:
475 1297 526 1358 sat
547 1296 608 1360 erit
627 1297 708 1362 mihi
730 1298 877 1384 cognitus
900 1319 997 1382 unus,
1099 1374 1101 1384 Ι

104 1377 169 1441 Vel
189 1381 227 1442 tu
247 1378 298 1442 vel
319 1378 419 1462 siquis
440 1378 546 1443 verior
567 1401 636 1445 esse
656 1383 773 1466 potest.

64 1461 236 1546 Apparent
255 1483 324 1526 non
344 1463 411 1526 ulla
430 1465 501 1528 toro
522 1465 658 1549 vestigia
678 1486 806 1549 presso,
996 1477 1030 1528 35

106 1545 210 1632 Signa
229 1547 420 1631 voluptatis,
443 1569 503 1612 nec
524 1548 659 1612 iacuisse
681 1547 770 1614 duos.
969 1543 975 1554 ’

62 1631 201 1714 Aspice,
224 1633 261 1694 ut
280 1629 316 1694 in
336 1634 406 1696 toto
427 1632 535 1697 nullus
556 1631 637 1696 mihi
659 1650 791 1717 corpore
813 1636 923 1718 surgat
986 1709 990 1714 .

107 1715 247 1800 Spiritus
269 1713 408 1780 admisso
427 1719 523 1780 notus
545 1716 723 1782 adulterio?

65 1798 175 1882 Dixit,
197 1801 231 1864 et
251 1800 400 1884 opposita
421 1800 602 1883 propellens
624 1803 711 1865 savia
732 1801 842 1865 dextra

108 1883 243 1948 Prosilit
263 1884 298 1946 in
319 1884 392 1947 laxa
411 1885 488 1948 nixa
507 1883 621 1967 pedem
643 1885 738 1949 solea.
995 1898 1031 1948 4ο

64 1970 118 2034 Sic
141 1970 292 2052 egotam
313 1967 416 2032 sancti
438 1968 562 2032 custodi
584 1968 734 2033 excludor
755 1968 888 2034 amoris:
978 1990 982 1996 ·

105 2052 161 2117 Ex
180 2051 237 2116 illo
259 2051 338 2116 felix
358 2073 424 2116 nox
445 2053 524 2117 mihi
545 2053 635 2116 nulla
655 2053 727 2118 fuit

472 2175 625 2184 ——---——

386 2267 542 2340 uxum
569 2267 711 2360 [xxxi

67 2391 138 2466 Quo
159 2389 176 2453 f
217 2390 246 2454 is
264 2411 285 2453 a
304 2390 457 2454 demens?
479 2391 601 2456 nullast
621 2391 714 2476 fuga:
735 2393 771 2456 tu
792 2391 868 2458 lieet
888 2412 989 2474 usque

107 2472 163 2538 Ad
212 2475 310 2538 anain
329 2475 451 2559 fugias,
473 2496 573 2558 usque
595 2480 745 2559 sequetur
765 2477 877 2541 Amor.

66 2557 145 2623 Non
166 2557 194 2622 si
213 2558 357 2643 Pegaseo
378 2560 511 2623 vecteris
533 2560 568 2623 in
589 2580 661 2623 aere
683 2560 777 2622 dorso
783 2607 793 2640 ,

108 2642 180 2707 Nec
200 2643 262 2706 tibi
283 2643 312 2706 si
332 2641 441 2708 Persei
461 2643 598 2706 moverit
619 2643 670 2709 ala
689 2642 801 2725 pedeS,

66 2727 130 2792 Vel
151 2727 180 2791 si
199 2729 234 2790 te
255 2729 359 2792 sectae
380 2727 508 2811 rapiant
527 2725 680 2790 talaribus
703 2746 811 2808 aurae,
1014 2737 1032 2788 5

110 2809 167 2874 Nil
188 2810 250 2873 tibi
271 2810 421 2875 Mercurii
442 2809 584 2894 proderit
606 2809 753 2874 altaria.

66 2895 173 2960 Instat
194 2915 320 2978 semper
340 2897 442 2959 Amor
464 2915 560 2979 supra
582 2896 692 2978 caput,
713 2894 813 2958 instat
834 2894 970 2976 amanti,

110 2977 155 3042 Et
176 2979 283 3062 gravis
305 2979 374 3063 ipse
396 3000 491 3063 super
512 2978 612 3043 libera
633 2978 717 3042 colla
738 2977 836 3042 sedet.

66 3062 217 3128 Excubat
236 3062 293 3126 ille
314 3083 387 3128 acer
409 3066 515 3128 custos
538 3067 571 3126 et
591 3061 704 3126 tollere
725 3081 898 3144 numquam

110 3146 157 3210 Te
177 3146 318 3230 patietur
337 3147 435 3212 humo
458 3147 580 3211 lumina
602 3149 696 3230 capta
717 3146 824 3210 semel.
1001 3160 1033 3209 lo

67 3232 129 3312 Et,
150 3229 216 3294 iam
238 3231 266 3294 si
288 3252 411 3316 pecces,
432 3232 509 3296 deus
531 3229 700 3296 exorabilis
722 3229 824 3312 illest,

112 3315 148 3378 Si
168 3313 265 3378 modo
289 3318 472 3400 praesentes
492 3315 609 3380 viderit
629 3335 698 3379 esse
719 3323 839 3399 preces.

68 3399 137 3464 Ista
158 3420 251 3463 senes
273 3399 350 3464 licet
371 3403 520 3465 accusent
541 3399 688 3465 convivia
710 3399 793 3464 duri:

111 3481 181 3548 Nos
203 3483 299 3553 modo
321 3484 537 3570 propositum,
560 3485 640 3568 vita,
662 3487 802 3549 teramus
824 3485 893 3548 iter.
