2530 4020
156 187 176 250 6
565 188 718 246 carram

241 355 427 438 Ecqnonam
448 351 527 415 mihi
571 352 721 416 rofuisset
743 373 823 416 aare.

241 436 405 523 Respondi
425 436 457 500 id
480 375 569 520 quoi
586 440 669 519 erat,
691 435 774 500 nihil
796 457 899 520 neque
920 437 999 520 ipsis

158 536 190 586 10
241 521 310 587 Nec
331 521 530 606 praetoribus
553 541 704 586 essonae
726 521 864 603 cohorti,

242 605 307 671 Our
329 606 494 690 quisquam
517 608 614 689 caput
634 605 761 670 unctius
782 602 931 688 referret,

240 690 431 755 Praesertim
453 689 567 773 quibus
590 691 674 753 esset
699 689 876 753 irrumator

240 775 387 858 Praetor,
409 793 477 838 non
497 773 617 837 faciens
639 772 698 856 pili
720 773 892 838 cohortem.

242 859 305 923 ‘At
326 863 411 924 certe
432 859 556 940 tamen,
578 857 741 942 inquiunt,
764 857 849 941 quod
871 858 937 922 illic

158 957 189 1006 15
240 944 361 1008 Natum
384 942 499 1006 dicitur
520 961 606 1024 esse,
629 942 810 1024 conparasti

241 1029 293 1090 Ad
314 1027 460 1091 lecticam
481 1024 650 1088 homines?
688 1045 764 1110 ego,
786 1029 823 1090 ut
843 1026 969 1110 puellae

241 1111 349 1175 Vnum
371 1131 422 1174 me
443 1109 580 1174 facerem
602 1109 791 1193 beatiorem,

242 1195 352 1261 ‘Non’
373 1195 505 1277 inquam
528 1193 625 1257 ‘mihi
645 1197 712 1257 tam
733 1194 795 1258 fuit
815 1193 970 1280 maligne,

240 1278 300 1362 Vt,
321 1278 487 1363 provincia
509 1278 593 1362 quod
615 1279 701 1342 mala
722 1278 903 1361 incidisset,

157 1376 190 1426 20
239 1363 316 1428 Non
336 1383 464 1461 possem
487 1365 559 1427 octo
582 1362 728 1427 homines
749 1384 861 1446 parare
882 1367 1009 1426 rectos?

242 1449 287 1510 At
307 1470 352 1511 ml
373 1447 480 1511 nullus
504 1450 571 1510 erat
592 1468 652 1511 neo
673 1446 726 1510 hic
747 1469 849 1530 neque
871 1447 952 1529 illic,
998 1509 1000 1516 ,

241 1531 391 1596 Fractum
413 1533 467 1614 qui
489 1531 604 1595 veteris
626 1531 740 1614 pedem
761 1530 888 1616 grabati

241 1616 280 1680 In
302 1616 385 1681 collo
412 1615 473 1679 sibi
496 1615 650 1679 collocare
672 1619 791 1698 posset.

242 1700 304 1766 Hie
325 1700 396 1783 illa,
419 1702 454 1764 ut
476 1699 582 1764 decuit
604 1699 830 1783 maestiorem,

156 1797 189 1848 aa
241 1785 399 1861 ‘Quaeso’
422 1785 527 1868 inquit
549 1784 645 1848 ‘mihi
651 1832 660 1868 ,
684 1784 729 1848 mi
751 1782 890 1867 Catulle,
912 1783 1044 1868 paulum

241 1869 334 1934 Istos.
367 1869 532 1934 commode
554 1869 640 1932 enim
661 1868 733 1933 volo
757 1868 797 1932 ad
819 1868 964 1953 Sarapim

241 1953 388 2018 Deferri.'
423 1954 589 2017 ‘minime'
612 1951 714 2035 inquii
735 1951 874 2036 puellae3

487 2081 505 2118 ²l¹
630 2080 648 2118 *
774 2080 793 2118 ‘l‘

242 2153 349 2218 ‘Istud
371 2154 455 2238 quod
477 2154 571 2218 modo
598 2154 739 2218 dixeram
761 2176 812 2220 me
833 2153 966 2234 habere,

108 2239 111 2250 '
241 2239 338 2323 Fugit
358 2261 409 2301 me
430 2238 528 2303 ratio:
551 2260 639 2302 meus
661 2239 780 2302 sodalis

20 2341 23 2347 ·
156 2335 190 2386 30
241 2322 376 2388 Cinnast
398 2321 509 2406 Gaiae,
532 2322 559 2386 is
582 2323 643 2387 sibi
664 2324 798 2406 paravit.

242 2407 374 2490 Verum,
397 2410 504 2471 utrum
525 2407 610 2472 illius
633 2415 675 2470 an
697 2408 773 2489 mei,
797 2406 873 2490 quid
894 2404 934 2470 ad
956 2403 1029 2470 me?

241 2490 322 2556 Vter
343 2494 410 2554 tam
431 2492 512 2556 bene
533 2513 629 2574 quam
652 2490 730 2556 mihi
752 2491 901 2574 pararim.

241 2575 303 2640 Sed
324 2578 360 2639 tu
380 2576 502 2641 insulsa
522 2577 606 2640 male
629 2598 665 2641 ac
686 2575 824 2640 molesta
844 2573 940 2658 vivis,

240 2660 301 2724 Per
323 2681 418 2743 quam
439 2681 507 2726 non
528 2660 605 2724 licet
626 2681 695 2724 esse
716 2659 956 2744 negligentem?

563 2817 714 2826 ——-—-·⁴

605 2915 667 2990 XI.

240 3049 316 3112 Furi
338 3052 370 3112 et
391 3050 519 3132 Aureli,
543 3049 675 3113 comites
699 3047 818 3114 Catulli

241 3132 313 3196 Sive
336 3133 370 3195 in
392 3136 548 3197 extremos
570 3133 753 3217 penetrabit
773 3097 887 3216 Inclos,

240 3215 330 3280 Litus
352 3220 389 3279 ut
410 3217 506 3300 longe
529 3216 790 3281 resonantean

444 3299 601 3364 'Panditur
622 3299 721 3383 unda,

240 3383 313 3448 Sive
335 3385 370 3448 in
391 3383 559 3468 Hyrcanos
582 3383 743 3449 Arabasve
764 3385 894 3469 molles,

242 3467 304 3534 Seu
326 3467 422 3535 Sacas
445 3467 680 3555 sagittiferosve
701 3467 851 3551 Parthos,
