2486 4010
203 188 244 254 58
514 224 516 228 -
573 195 768 252 moenum
1058 195 1163 268 [xxx.

256 359 311 426 Sin
335 362 441 423 autem
462 358 561 444 longo
582 380 648 423 nox
669 381 733 423 una
755 360 810 422 aut
830 359 931 424 altera
951 359 1023 423 lusu

206 455 240 508 50
297 443 540 528 Consumptnst,
562 464 629 508 non
649 463 701 507 me
723 443 857 508 erimina
877 465 977 527 parva
997 444 1140 507 movent.

256 527 412 612 Tyndaris
435 531 565 592 externo
586 528 723 611 patriam
744 527 881 591 mutavit
900 549 1008 591 amore

298 611 343 678 Et
364 614 433 676 sine
456 610 584 676 decreto
605 612 679 676 5155
698 611 830 676 reducta
851 611 1021 677 demumst.

255 695 331 780 Ipsa
350 695 475 778 Venae,
499 695 642 779 quemvis
665 699 814 779 corrupta
834 695 966 760 libidine
987 695 1117 778 Martis,

297 781 330 846 N
332 801 367 845 eo
388 781 495 845 minus
517 781 553 846 in
574 779 661 845 eaelo
684 801 809 863 semper
830 778 966 844 honesta
985 779 1062 862 fuit,

207 877 241 928 85
257 863 409 941 Quamvis
430 863 488 928 Ida
508 864 614 949 palam
636 867 798 947 pastorem
819 863 906 928 dieat
926 885 1050 928 amasse

297 949 403 1032 Atque
424 949 509 1012 inter
529 947 665 1032 peeudes
687 947 872 1014 aoeubuiese
893 948 995 1012 deam.

255 1033 328 1098 Hoe
350 1037 383 1097 et
403 1031 664 1116 Hamadryadum
685 1033 842 1116 spectavit
862 1033 956 1097 turba
978 1052 1124 1097 sororum

298 1116 462 1200 Silenique
483 1137 575 1181 senes
597 1119 630 1181 et
649 1120 740 1200 pater
760 1118 829 1201 ipse
851 1116 958 1200 chori,

256 1199 337 1268 Cum
358 1201 472 1284 quibus
493 1200 590 1264 Idaeo
612 1200 720 1285 legisti
740 1223 837 1285 poma
858 1201 917 1265 sub
939 1203 1047 1285 antro,

206 1298 241 1350 40
297 1283 470 1368 supposita
491 1284 653 1370 excipiens
674 1283 778 1350 Naiea
799 1285 884 1350 dona
904 1307 1011 1350 manu.

255 1367 1157 1537 uelseiuuuuueuauueeeu

256 1537 283 1602 Ο
305 1537 440 1602 nimium
461 1540 573 1601 nostro
594 1537 721 1602 felieem
740 1541 884 1622 tempore
905 1537 1058 1622 Romam,

297 1621 332 1687 Si
354 1625 467 1686 eontra
487 1642 594 1686 morea
614 1642 680 1686 una
700 1623 808 1706 puella
827 1623 919 1704 feeit!

205 1720 239 1770 45
253 1706 343 1772 Haeo
364 1705 475 1771 eadem
497 1709 571 1770 ante
592 1705 682 1770 illam
702 1708 824 1790 inpune
851 1709 884 1770 et
904 1705 1020 1775 Lesbia
1039 1707 1134 1773 feeit:

298 1791 386 1868 Quae
407 1792 564 1874 sequitur,
587 1793 703 1855 certest
723 1791 882 1856 invidiosa
902 1791 1018 1856 minus,

256 1873 317 1951 Qui
340 1874 464 1959 quaerit
483 1874 591 1938 Latina
612 1877 735 1940 veteres
757 1874 913 1958 durasque
935 1876 1087 1959 Sabinae,

296 1958 360 2024 Hie
379 1959 489 2044 posuit
508 1961 619 2023 nostra
639 1980 741 2043 nuper
762 1959 798 2023 in
818 1961 897 2024 urbe
916 1960 1040 2044 pedem.

255 2043 304 2108 'Pu
324 2043 413 2128 prius
435 2046 468 2108 et
487 2043 602 2108 fluetus
623 2045 743 2128 poteris
765 2044 884 2108 siccare
905 2045 1046 2110 marinos
1098 2041 1123 2064 ”

205 2139 239 2188 55
294 2129 435 2211 Altaque
456 2129 585 2192 mortali
606 2127 748 2212 deripere
770 2131 857 2192 astra
877 2149 991 2213 manu,

255 2209 358 2286 Quam
378 2216 499 2294 faeere,
521 2213 558 2275 ut
577 2215 706 2278 nostrae
727 2213 834 2277 nolint
858 2234 989 2296 peceare
1010 2214 1156 2299 puellae:

295 2291 359 2357 Hie
379 2314 450 2357 mos
472 2293 608 2359 Saturno
629 2317 731 2380 regna
745 2299 880 2362 ¹tenente
901 2298 972 2364 fuit.

253 2378 300 2442 At
320 2397 393 2444 eum
413 2376 621 2442 Deucalionis
643 2401 743 2463 aquae
764 2381 883 2446 fluxere
904 2403 961 2466 per
983 2381 1110 2466 orbem,

296 2461 340 2526 Et
362 2463 436 2546 post
457 2461 580 2544 antiqui
601 2459 809 2530 Deucalionis
830 2487 942 2550 aquas,

204 2559 237 2609 55
253 2547 314 2612 Die
335 2546 429 2629 mihi,
452 2546 522 2630 quis
544 2547 650 2630 potuit
670 2547 789 2614 leetum
810 2571 934 2616 servare
955 2550 1126 2635 pudicum,

296 2631 384 2707 Quae
405 2631 464 2695 dea
485 2652 558 2696 eum
580 2631 648 2696 5515
671 2633 777 2698 vivere
798 2633 868 2699 5515
889 2634 971 2698 deo?

253 2715 394 2781 onrem
415 2716 576 2800 quondam
596 2717 708 2814 magni
728 2717 863 2802 Minois,
884 2721 921 2782 ut
942 2719 1046 2801 aiunt,

296 2799 447 2884 Corrupit
467 2801 551 2864 torvi
573 2800 707 2865 eandida
727 2802 833 2866 forma
856 2804 956 2868 bovis.

253 2885 323 2951 Neo
344 2885 450 2950 minus
472 2889 578 2970 aerato
600 2882 710 2950 Danae
733 2886 927 2952 circumdata
947 2908 1039 2952 muro

204 2983 238 3031 55
294 2969 372 3035 Non
392 2969 499 3054 potuit
519 2989 637 3053 magno
659 2973 748 3034 easta
768 2993 886 3059 negare
907 2971 987 3037 Iovi.
1103 3011 1106 3016 ,

254 3053 346 3129 Quod
368 3055 396 3118 51
416 3057 453 3119 tu
475 3053 586 3119 Graias
608 3073 784 3139 aequesque
805 3057 932 3122 imitata
953 3055 1102 3141 Latinae,

165 3167 170 3172 ··
297 3137 428 3221 Semper
449 3140 519 3205 5155
540 3159 612 3204 meo
634 3139 735 3203 libera
755 3141 883 3206 iudioio.

595 3237 745 3247 --———-..

498 3278 618 3351 xxxi
646 3279 839 3373 [xxxuu

253 3387 372 3456 Tristia
392 3386 458 3450 iam
478 3390 613 3456 redeunt
633 3394 749 3460 iterum
770 3395 937 3460 sollemnia
957 3395 1067 3460 nobis:

297 3469 435 3552 Cynthia
456 3470 520 3534 iam
540 3479 651 3540 noctes
673 3483 722 3541 est
743 3483 874 3563 operata
895 3479 1013 3546 deoem.
1087 3567 1092 3572 ,
