2486 4010
232 219 293 286 112
613 220 807 278 succuum
1105 223 1186 298 [vm.

292 385 341 472 Ly
365 385 476 452 demus
496 384 533 450 in
553 383 676 482 primis,
698 383 803 484 omnis
817 383 899 450 mihi
914 405 1010 452 causa
1024 385 1183 508 querellae,

241 481 278 535 80
334 407 461 536 leneat
482 471 515 535 et
534 468 668 554 pedrbus
689 468 819 566 vincula
839 469 916 568 bina
935 467 1053 535 trahat.

291 554 413 653 Indiuit
433 555 541 652 leges:
562 552 714 650 respondr
737 574 797 639 ego
820 553 956 639 ‘leg1bus
978 556 1075 620 utar!

292 637 991 870 Deilnlselplierliliffilrefaltgctiirlpelellelssetg'
1016 723 1149 809 tetigere

668 889 675 904 .
815 827 900 904 'pue
927 827 978 890 ae,

241 988 277 1039 ss
292 889 434 1122 Imsslill
454 891 488 1038 {l
506 911 593 1038 131131
607 889 732 1039 liltnelrlil
739 892 1053 1072 blitiriqlsse’emas,

219 1121 224 1133 ,
365 1079 461 1143 erque
483 1080 590 1122 meum
609 1060 719 1143 tetrgrt
735 1057 901 1156 ‘sulphuris
922 1079 998 1154 igne
1026 1061 1130 1144 ceput

293 1144 402 1226 Atque
424 1142 472 1206 ita
491 1145 616 1240 mutato
637 1163 695 1226 per
717 1141 844 1238 smgula
863 1141 964 1227 palha
983 1142 1067 1208 lecto

334 1225 540 1310 euesponu,
563 1228 597 1291 et
616 1227 687 1290 toto
709 1225 862 1292 solvimus
883 1247 972 1292 arma
991 1229 1072 1293 toro.

651 1437 766 1514 VHII.

293 1554 358 1628 lm
381 1559 599 1648 hitryoniades
619 1583 683 1660 qua
703 1564 893 1646 tempestate
914 1563 1066 1662 iuvencos
1163 1553 1167 1565 ’

292 1649 457 1796 1133110181
475 1645 1091 1830 idliatliilhz'egorfflll'atielllliontea

335 1814 381 1879 Et
402 1816 514 1880 statut
534 1814 636 1880 fessos
656 1814 761 1880 fessus
783 1816 816 1879 et
836 1836 848 1879 1
871 1837 906 1880 se
925 1816 1036 1899 bores,

263 1898 367 1975 oQua
390 1899 527 1964 Velabra
549 1920 606 1964 suo
629 1897 823 1985 stagnabant
843 1837 975 1965 lumine
995 1917 1120 1984 quaque
1229 1919 1230 1922 ’

335 1981 443 2049 Naute
464 2003 522 2080 per
541 1983 678 2048 urbanas
700 1982 881 2048 velificabat
901 2005 1006 2068 aquas.

294 2065 358 2133 Sed
379 2088 447 2133 non
467 2067 565 2132 mfido
587 2069 775 2133 manserunt
795 2065 923 2152 hospite
945 2067 1030 2134 Caco

337 2151 535 2217 Incolumes:
557 2151 644 2218 furto
658 2151 774 2237 polluit
794 2151 849 2217 ille
870 2151 989 2218 Iovem.

293 2232 406 2297 Incola
427 2234 528 2301 Cacus
550 2239 633 2320 eret,
655 2234 827 2300 metuendo
847 2237 958 2322 raptor
978 2235 1019 2301 ab
1041 2238 1150 2321 antro,
1230 2247 1231 2310 1

243 2329 278 2380 10
332 2316 396 2382 Per
416 2318 479 2381 trie
499 2320 634 2402 partitos
657 2317 712 2404 qui
733 2318 830 2385 debat
850 2341 907 2385 ora
926 2319 1028 2386 focos.

293 2399 367 2483 Hic,
387 2421 429 2464 ne
451 2405 539 2466 certa
558 2403 667 2468 forent
686 2403 877 2470 manifestae
899 2405 993 2490 signa
1012 2404 1150 2490 rapinae,

335 2485 474 2550 Aversor
498 2484 596 2550 caude
616 2487 714 2551 traxit
734 2487 771 2552 in
792 2491 884 2556 antra
904 2487 1021 2573 boves,

293 2568 327 2636 N
328 2591 364 2634 ec
386 2569 455 2634 sine
476 2571 559 2635 teste
581 2569 658 2635 deo:
680 2569 784 2637 furem
805 2579 941 2638 sonuere
961 2572 1097 2656 iuvenci,

335 2653 427 2718 limis
450 2657 483 2720 et
502 2654 678 2739 implacidas
700 2656 798 2721 diruit
818 2657 866 2721 ira
885 2656 982 2722 fores.

244 2749 278 2801 15
292 2737 451 2804 Maenalio
473 2738 573 2804 iacuit
593 2739 704 2824 pulsus
725 2741 789 2805 tric
809 2743 956 2824 tempora
975 2760 1067 2806 ramo

336 2821 449 2907 (lacus,
471 2824 505 2886 ct
525 2822 655 2892 Alcides
678 2823 724 2888 sic
745 2824 805 2890 ait:
829 2825 885 2890 ‘ite
906 2824 1018 2909 boves,

232 2971 234 2980 χ
292 2905 442 2972 Herculis
463 2907 508 2970 ite
529 2905 637 2990 boves,
658 2911 787 2976 nostrae
808 2908 900 2974 labor
920 2910 1033 2974 ultimo
1054 2908 1174 2992 clavae,

335 2989 392 3055 Bis
414 2989 494 3066 mihi
515 2992 690 3075 quaesitae,
712 2991 764 3057 bis
778 3011 852 3057 mee
871 2993 998 3078 praeda,
1020 2993 1131 3078 boves,

293 3075 382 3138 Arva·
402 3096 441 3149 ue
462 3075 587 3160 mugitu
608 3075 729 3142 sancite
750 3074 881 3142 bovaria
901 3078 957 3141 lon
981 3099 1019 3143 o:

239 3168 278 3220 ιο
328 3097 452 3254 ,Νοί13113
473 3159 535 3225 erit
555 3157 675 3224 Romae
695 3181 814 3244 pascua
834 3163 940 3226 vestra
958 3097 1089 3226 lorum?

292 3239 434 3326 Dixerat,
458 3244 491 3308 et
511 3243 595 3309 sicco
617 3246 719 3309 torret
740 3245 810 3311 sitis
833 3267 889 3310 ora
909 3247 1026 3330 pelato,

335 3323 495 3407 Terraque
516 3347 584 3391 non
604 3328 686 3392 ullas
706 3327 775 3393 feta
795 3329 958 3396 ministret
978 3350 1085 3414 eques.

292 3405 358 3471 Sed
378 3407 491 3489 procul
512 3409 650 3476 inclusas
672 3412 761 3476 audit
780 3413 884 3484 ridere
905 3414 1038 3500 puellas.

335 3487 440 3555 Lucus
461 3490 502 3554 ab
523 3493 673 3566 umbroso
695 3496 816 3565 fecerat
836 3498 913 3566 orbe
934 3501 1065 3586 nemus,
