2486 4010
55 207 165 278 11111]
464 209 573 264 meus
593 211 642 266 111.
993 208 1034 272 51

91 367 221 434 rNam
240 390 312 434 mea
332 371 547 455 eumacius,
569 371 647 436 dicit
666 393 700 436 se
715 372 818 439 odisse
832 374 958 440 beatos:
1002 385 1036 434 25

99 529 108 534 q
175 451 328 518 Carmina
348 457 416 518 tam
438 459 548 518 sanote
569 455 658 520 nulla
679 458 788 540 puella
810 459 895 524 oolit.

123 535 273 602 Multum
299 538 335 602 in
362 559 470 603 amore
498 539 593 619 fides,
625 541 764 690 multuplo
791 543 972 608 constantia

678 647 738 708 pro
762 629 825 690 est:

177 706 242 782 Qui
256 707 330 770 dare
345 707 447 770 multa
460 710 576 792 potest,
592 709 694 773 multa
708 713 741 773 et
755 732 861 774 amare
876 713 991 794 potest.

127 791 200 856 Seu
220 812 306 854 mare
327 812 385 874 per
406 791 542 877 longum
562 814 634 857 mea
655 794 776 878 cogitet
796 796 843 858 ire
886 795 986 878 uella,

74 889 109 937 10
172 874 268 939 Hane
291 896 404 958 sequar
417 878 458 940 et
478 875 560 940 fidos
581 899 646 941 una
668 884 743 963 aget
764 901 841 943 aura
862 817 952 943 duos.
1002 891 1035 940 30

126 957 245 1024 Vnum
264 959 341 1023 litus
363 960 425 1024 erit
445 961 558 1044 sopitis
579 983 705 1045 unaque
725 967 811 1028 teoto

175 1043 298 1126 Arbor,
321 1046 354 1108 11
375 1065 414 1108 ex
434 1067 499 1108 una
520 1067 614 1128 saepe
635 1046 781 1112 bibemus
804 1069 902 1132 aqua,

127 1127 180 1192 Fa
193 1127 302 1190 tabula
316 1149 382 1192 una
396 1128 474 1193 duos
489 1130 608 1212 poterit
623 1151 804 1214 conponere
818 1135 978 1216 amantes,

175 1211 278 1276 Prora
300 1213 402 1277 cubile
423 1213 503 1278 inihi
525 1234 582 1278 seu
603 1214 682 1279 mihi
702 1217 819 1301 puppis
841 1218 910 1282 erit.

77 1309 110 1359 15
128 1296 252 1362 Omnia
271 1297 447 1381 perpetiar:
470 1319 581 1363 saevus
603 1299 738 1364 licetur
762 1305 813 1366 eat
833 1301 938 1366 Eurus
1000 1311 1034 1362 35

176 1381 319 1464 Velaque
340 1382 377 1446 in
397 1383 554 1446 inoertum
575 1383 711 1468 frigidus
732 1323 852 1450 {aster
873 1389 964 1471 agat,

130 1465 332 1549 Quicumque
354 1469 387 1530 et
400 1467 489 1530 venti
509 1467 661 1532 miserum
674 1471 813 1534 vexastis
832 1469 950 1533 Vlixen

176 1549 222 1614 m
242 1549 390 1614 Danaum
411 1549 556 1616 Euboico
578 1552 685 1617 littore
706 1553 795 1616 mille
815 1555 915 1635 rates,

128 1634 180 1699 Et
195 1634 249 1717 qui
262 1635 408 1701 movistis
424 1634 485 1699 duo
506 1635 666 1718 †littora,
687 1657 760 1700 11111
780 1635 868 1700 rudis
882 1637 991 1722 Argus

75 1732 112 1782 20
177 1717 251 1782 Dux
272 1721 340 1782 erat
360 1719 472 1804 ignoto
494 1719 593 1784 missa
615 1719 762 1784 columba
782 1720 872 1784 mari.
1000 1732 1035 1781 40

128 1803 198 1867 Illa
219 1803 298 1867 meis
319 1806 446 1867 tantum
467 1825 535 1868 non
554 1825 704 1887 umquam
727 1804 810 1868 desit
831 1803 955 1886 ocellis,

177 1886 332 1951 Ineendat
352 1909 467 1952 navem
488 1887 632 1972 Iuppiter
655 1890 724 1972 ipse
746 1889 830 1952 lieet.

131 1971 230 2036 Certe
251 1971 353 2036 isdem
374 1972 453 2036 nudi
474 1976 595 2056 pariter
615 1973 805 2037 iactabimur
826 1971 906 2034 oris:

177 2055 231 2119 Me
252 2056 328 2120 11111
348 2056 435 2120 unda
455 2056 552 2140 ferat,
574 2060 606 2120 11
628 2057 724 2121 modo
745 2060 832 2120 11111
852 2057 953 2141 tegat.

76 2154 112 2204 15
130 2137 197 2206 Sed
218 2161 286 2204 non
306 2140 476 2224 Neptunus
497 2143 589 2204 tanto
612 2141 748 2205 omdelis
770 2140 886 2223 amori,
999 2152 1033 2204 40

176 2224 346 2308 Neptunus
367 2224 461 2288 fratri
482 2247 540 2308 par
564 2225 599 2288 in
621 2247 728 2290 amore
749 2225 829 2290 Iovi.

130 2308 239 2373 Testis
258 2309 453 2392 Amymone,
473 2310 584 2374 latioes
606 2332 677 2374 oum
698 2310 810 2395 ferret,
831 2311 866 2374 in
886 2309 985 2395 Argis

178 2391 360 2478 Conpressa
382 2397 415 2457 et
435 2393 557 2459 Lernae
579 2396 672 2479 pulsa
692 2396 830 2462 tridente
853 2395 955 2478 palus.

131 2476 204 2550 lam
225 2478 303 2542 deus
325 2478 473 2561 amplexu
494 2482 604 2544 votum
625 2481 733 2565 persol
756 2482 794 2562 't‚
817 2481 851 2542 11
871 2479 920 2540 1111

77 2576 114 2625 30
174 2563 282 2626 Aurea
303 2561 427 2626 divinas
448 2585 529 2627 urna
549 2563 693 2647 profudit
713 2585 821 2647 aquas.
999 2573 1034 2623 60

133 2644 304 2710 Crudelem
326 2649 359 2710 et
379 2645 506 2711 Borean
527 2652 620 2731 rapta
642 2647 789 2729 Orithyia
809 2645 954 2728 negavit:

176 2730 239 2794 Hie
261 2730 338 2794 deus
360 2733 393 2795 11
413 2735 513 2795 terras
536 2733 568 2794 11
588 2731 689 2794 maria
710 2731 776 2793 alta
798 2729 916 2793 domat.

134 2813 237 2880 Crede
257 2813 354 2898 mihi,
375 2815 470 2879 nobis
484 2815 631 2880 mitescet
645 2814 752 2897 Scylla
766 2835 825 2878 111
839 2833 990 2895 umquam

176 2900 367 2964 Alternante
388 2919 507 2964 vaoans
529 2901 620 2965 vasta
642 2897 818 2982 Charybdis
841 2919 859 2961 a
880 2917 936 2976 ua,

78 2997 114 3046 35
130 2982 268 3068 Ipsaque
289 2983 393 3048 sidera
413 2986 506 3048 erunt
525 2985 622 3048 nullis
643 2983 778 3048 obseura
797 2985 872 3046 tene
895 2981 955 3045 ris:
999 2991 1031 3042 55

175 3067 278 3134 Purus
302 3071 334 3132 et
348 3066 463 3151 Orion,
484 3091 583 3153 purus
606 3073 638 3132 11
657 3067 787 3131 Haedus
810 3065 878 3130 erit.

136 3151 227 3228 Quod
248 3151 328 3215 mihi
351 3152 377 3215 si
398 3152 547 3236 ponenda
571 3156 626 3216 tuo
649 3152 691 3216 sit
713 3172 844 3236 corpore
865 3151 947 3237 vita,

176 3236 290 3302 Exitus
310 3235 364 3302 hie
386 3237 479 3302 nobis
500 3259 568 3302 non
589 3236 777 3302 inhonestus
800 3236 868 3301 erit.

475 3409 628 3424 W-
