2464 4020
188 253 256 302 v111
387 243 390 256 ·
468 244 472 250 ·
564 237 778 297 PRAEFATIO.

192 411 254 488 psit
273 409 407 485 reposuit
426 405 507 476 ace,
527 407 579 483 qui
594 405 620 466 G
635 407 730 476 diremi
750 409 875 482 uterque
894 407 1042 483 explendo
1066 412 1168 470 metro

193 495 245 554 sed
264 511 370 569 parum
389 491 526 552 feliciter.
555 490 601 551 Of.
622 493 713 550 etiam
733 509 809 568 quae
827 492 997 553 notabimus
1018 493 1062 552 ad
1077 494 1168 568 11,1,

193 580 249 653 313
265 577 338 650 IIII,
356 577 404 650 13,
421 577 471 636 35.
503 575 563 636 Sed
576 574 695 634 hercule
714 576 786 650 quid
800 577 911 636 mirum
925 576 950 636 si
964 576 997 634 in
1012 579 1167 654 coruptis·

194 663 269 722 sima
282 661 443 722 traditione
462 679 501 720 na
521 658 694 736 potissimus
709 659 830 734 quidem
844 661 929 734 liber,
945 661 998 720 sed
1012 663 1070 737 qui
1086 661 1168 720 haud

193 763 263 808 sane
278 749 426 806 vetristate
441 745 482 805 sit
493 744 629 820 insignis,
641 745 890 828 interpolatorum
900 763 1023 820 prorsus
1034 746 1168 804 arbitrio

194 829 295 891 caret?
317 829 374 890 list
391 833 493 888 tamen
511 831 672 904 utcumque
686 828 788 906 magni
808 829 898 904 pretii
917 831 949 887 et
962 828 1168 906 dignissimus

192 915 245 993 qui
260 913 432 991 diligentius
447 912 638 972 describatur.
1040 915 1046 924 '

256 999 354 1076 Igitur
368 999 415 1058 est
429 998 519 1058 codex
533 998 612 1056 inter
627 995 777 1057 Gudianus
791 1015 822 1058 n.
839 997 900 1056 224
914 997 1169 1058 membranaceus

192 1085 226 1144 in
239 1085 343 1143 octavo
357 1083 478 1156 maiore,
493 1081 573 1156 quod
587 1082 711 1140 barbare
726 1081 843 1155 dicitur,
865 1081 927 1141 sive
942 1084 1052 1157 quarto
1066 1082 1165 1140 mino-

192 1186 241 1240 re,
263 1167 344 1242 quali
363 1167 461 1226 forma
478 1165 558 1225 haud
577 1184 686 1241 paucos
707 1166 886 1225 ereticorum
905 1165 997 1226 libros
1023 1165 1166 1226 invenies

194 1250 330 1324 scriptos.
350 1249 414 1308 Nec
428 1249 574 1326 scriptura
584 1249 649 1309 eius
662 1250 721 1310 sibi
736 1251 853 1310 constat
866 1251 954 1325 plane
967 1256 1069 1326 neque
1085 1253 1164 1308 atra

194 1336 343 1406 mentum,
364 1351 402 1392 ne
424 1333 456 1392 in
479 1334 578 1408 priore
599 1333 719 1408 quidem
732 1337 826 1410 parte.
856 1333 900 1392 At
913 1353 931 1392 a
943 1333 1018 1394 folio
1033 1335 1108 1395 inde
1122 1333 1163 1390 49

193 1435 287 1492 nsque
302 1417 340 1476 ad
351 1419 390 1476 71
406 1417 525 1476 videtur
537 1417 611 1477 mihi
626 1419 683 1476 alia
693 1437 784 1478 manu
794 1417 899 1478 eodem
908 1421 1011 1477 tamen
1022 1421 1165 1494 tempore

194 1504 340 1562 samatus.
362 1501 398 1561 In
412 1501 467 1561 hac
477 1505 563 1578 parte
578 1504 778 1562 atramentum
792 1503 969 1578 plerumque
981 1501 1084 1560 minus
1100 1500 1162 1576 pel-

194 1587 290 1646 lidum
310 1586 464 1662 magisque
478 1586 599 1662 nigrum
614 1605 703 1661 quam
716 1587 776 1645 fuit
790 1589 874 1646 anter
897 1586 953 1645 Est
967 1589 1069 1645 autem
1084 1585 1161 1644 inte-

194 1689 257 1748 ger,
279 1670 337 1730 nisi
357 1670 436 1746 quod
456 1671 536 1729 inter
557 1672 598 1730 70
619 1673 649 1729 et
669 1673 708 1728 71
729 1671 826 1730 excisa
845 1672 891 1730 est
908 1670 1069 1746 nescioquo
1092 1686 1162 1728 casu

194 1755 312 1831 pagina.
341 1753 455 1814 Versus
473 1754 507 1813 in
526 1753 729 1829 prioreparte
750 1757 821 1816 sunt
843 1753 905 1814 iere
919 1754 1016 1814 viceni
1031 1753 1160 1830 septeni,

194 1839 226 1898 in
246 1839 411 1914 posteriore
431 1838 647 1913 utplurimum
666 1837 788 1912 triceni,
815 1838 864 1898 vel
883 1855 942 1897 uno
964 1855 1017 1896 seu
1043 1839 1161 1898 duobus

194 1923 350 1998 pauciores
375 1924 425 1982 vel
447 1922 560 1997 plures.
603 1921 776 1982 carminum
805 1921 1010 1982 distinctiones
1034 1923 1160 1982 vacante

195 2007 291 2081 spatio
311 2007 407 2065 factae
427 2007 476 2066 vel
497 2005 597 2065 addita
610 2006 803 2081 inscriptione
819 2009 889 2065 sunt
902 2007 1011 2080 nullae,
1027 2025 1084 2065 nce
1099 2024 1159 2064 ma·

195 2091 242 2166 gis
257 2091 404 2148 librorum
417 2089 475 2150 nisi
490 2090 569 2166 quod
582 2090 661 2150 inter
674 2089 721 2148 ΠΙ
736 2093 767 2150 et
780 2089 843 2148 IIII
856 2091 993 2165 interque
1007 2089 1071 2148 1111
1085 2093 1119 2148 et
1132 2085 1159 2142 V

195 2173 384 2248 singulorum
396 2193 537 2234 versuum
548 2175 653 2234 relicta
662 2173 827 2234 intervalla.
844 2173 984 2234 Ceterum
994 2192 1033 2233 ne
1045 2174 1158 2234 inGro·

195 2259 326 2332 ningano
346 2257 467 2332 quidem
484 2257 583 2318 codice
598 2259 650 2317 lib.
665 2258 681 2316 I
696 2278 713 2316 a
727 2257 758 2316 Π
773 2261 926 2334 separatur
942 2254 990 2336 [cf.
1005 2257 1122 2318 Heimr.
1137 2257 1156 2314 l.

195 2361 236 2400 m.
251 2359 301 2416 pg.
316 2335 360 2418 4].
389 2339 524 2400 Initiales
538 2343 702 2402 carminum
716 2343 829 2416 literae,
845 2344 1021 2417 ubicumque
1035 2342 1158 2402 librario

196 2428 277 2484 certo
297 2424 333 2483 de
353 2423 506 2500 principiis
527 2428 661 2484 constare
680 2427 840 2500 videretur,
863 2425 1101 2502 splendidissime
1116 2425 1158 2502 pi-

196 2513 260 2568 ctae
280 2509 378 2568 colore
393 2509 493 2582 rubro,
514 2508 613 2583 viridi,
637 2512 780 2584 caeruleo,
802 2513 874 2570 alias
894 2511 980 2570 initia
1003 2511 1157 2587 elegorum

195 2612 256 2654 non
280 2593 339 2654 nisi
357 2593 475 2654 lineolis
500 2593 629 2654 incurvis
654 2595 687 2652 in
707 2597 842 2672 margine
867 2595 974 2654 additis
994 2613 1046 2654 seu
1067 2595 1158 2654 rubro

197 2679 294 2738 colore
315 2677 377 2738 sive
398 2678 487 2738 solito
507 2681 671 2738 aucmento
693 2679 910 2754 significantur,
937 2697 1024 2755 saepe
1048 2697 1088 2738 ne
1113 2678 1158 2736 his

195 2762 325 2839 quidem.

260 2847 301 2906 Et
320 2847 449 2923 proximi
469 2848 609 2924 cuiusque
630 2849 757 2923 aprima
777 2867 866 2907 versu
885 2849 1009 2907 initialis
1028 2849 1157 2922 plerum·

197 2951 253 3006 que
266 2933 364 2992 colore
376 2951 412 2990 ex
422 2931 465 2990 eis
477 2931 618 3007 quosdixi
628 2931 764 3008 insignis.
779 2932 857 2991 Hinc
868 2931 1025 3008 aliquando
1037 2931 1157 3002 factum,

197 3018 232 3073 ut
243 3017 385 3092 principis
401 3016 518 3076 distichi
533 3017 650 3075 litterae
665 3017 779 3091 primae
796 3013 872 3092 (sire
886 3017 1028 3076 altercer
1042 3011 1097 3090 eis)
1114 3033 1157 3074 re·

197 3098 285 3157 lictae
299 3101 476 3160 rubricatori
491 3104 522 3160 et
536 3102 661 3162 omissae
677 3101 714 3159 ab
730 3118 764 3160 co
779 3101 958 3174 exciderent,
978 3117 1157 3176 quamquem

198 3181 265 3240 eliis
279 3183 352 3241 locis
368 3201 419 3240 eae
439 3186 471 3242 in
486 3185 606 3245 sinistro
621 3186 756 3261 margine
771 3187 936 3244 atramento
951 3185 1040 3244 solito
1055 3183 1157 3259 legun-

197 3268 249 3324 tur
271 3265 445 3341 adscripteo.
482 3267 525 3326 At
543 3269 575 3328 in
595 3269 698 3328 dextro
720 3287 807 3344 saepe
827 3263 957 3328 habetur
981 3269 1099 3346 signum
1120 3267 1157 3325 Π)

197 3351 248 3408 vel
261 3369 282 3424 n
296 3350 345 3408 vel
360 3349 469 3408 similia
483 3351 535 3408 sed
549 3370 623 3426 quae
638 3353 736 3412 minus
751 3353 837 3411 facile
856 3353 904 3412 hic
917 3354 976 3412 loci
990 3369 1158 3428 repraesen-

199 3437 254 3507 tes,
268 3436 421 3509 praeterea
431 3432 549 3491 litterae
560 3436 594 3492 ut
608 3439 681 3508 puta
691 3456 711 3494 u
723 3455 744 3494 n
759 3455 776 3494 a
790 3456 807 3494 o
822 3440 845 3510 t,
859 3437 1015 3513 exquibus
1029 3437 1158 3510 complu-

198 3517 259 3578 ries
279 3518 349 3577 licet
368 3517 512 3577 vocabula
534 3535 608 3594 quae
630 3523 700 3578 sunt
712 3525 778 3580 oola
792 3526 845 3581 tuo
858 3527 928 3582 recto
942 3520 1028 3594 effici,
1046 3538 1079 3578 ac
1092 3521 1158 3580 sub·
