2470 4010
226 229 268 295 20
636 231 789 288 curvam
1017 233 1193 306 [xxxvnn

313 397 519 478 Subsellium,
543 417 614 459 cum
636 398 743 459 orator
765 395 884 459 excitat
903 395 1033 479 fletum,

311 481 449 546 Renidet
469 481 533 545 ille.
567 481 613 545 sei
636 479 676 543 ad
697 480 742 563 pii
763 501 879 564 rogum
899 479 946 542 fili

240 578 257 628 5
309 567 465 652 lugetur,
490 565 567 629 orba
589 586 661 629 cum
681 563 737 629 flet
758 565 888 628 unicum
909 565 1026 646 mater,

311 649 449 714 Renidet
469 649 533 713 ille.
567 647 722 732 quidquid
744 651 806 732 est,
828 648 1067 730 ubicumquest,

312 734 539 818 Quodcumque
554 733 636 817 agit,
651 732 783 796 renidet.
814 732 901 796 hunc
917 731 1014 796 habet
1028 732 1188 814 morbum,

310 818 423 903 Neque
452 819 645 902 elegantem,
668 819 704 880 ut
725 817 876 898 arbitror,
897 837 1000 900 neque
1022 817 1188 880 urbanum.

313 902 417 978 Quare
439 901 634 966 monendum
655 904 719 964 test
740 899 834 982 mihi,
856 899 940 964 bone
960 899 1096 984 Egnati

229 1000 262 1051 10
313 987 347 1052 si
369 987 508 1050 urbanus
531 1007 615 1049 esses
638 987 693 1049 aut
715 985 850 1050 Sabinus
872 987 928 1048 aut
948 983 1067 1048 Tiburs

311 1073 379 1135 Aut
399 1072 501 1135 fartus
522 1068 643 1135 Vmber
664 1073 720 1134 aut
741 1069 855 1132 obesus
876 1067 1031 1132 Etruscus

310 1156 378 1218 Aut
398 1155 561 1218 Lanuinus
584 1156 651 1218 ater
674 1156 768 1236 atque
789 1152 937 1218 dentatus

311 1239 379 1303 Aut
400 1237 660 1322 Transpadanus,
682 1242 719 1302 ut
739 1259 827 1302 meos
849 1258 973 1320 quoque
996 1237 1171 1324 attingam,

312 1325 380 1387 Aut
401 1322 558 1406 quilubet·‚
582 1323 637 1406 qui
657 1323 778 1406 puriter
798 1322 877 1386 lavit
899 1323 1010 1386 dentes
1016 1371 1025 1403 ,

311 1407 432 1472 Tamen
452 1407 596 1471 renidere
618 1428 718 1490 usque
740 1427 863 1489 quaque
884 1408 917 1470 te
937 1405 1079 1470 nollem:

311 1491 396 1556 Nam
417 1492 485 1556 risu
505 1491 614 1574 inepto
636 1513 687 1554 res
708 1491 847 1574 ineptior
868 1489 996 1554 nullast.

311 1575 407 1641 Nunc
429 1574 570 1641 Celtiber
591 1597 639 1640 es:
662 1574 832 1640 Celtiberia
853 1575 888 1638 in
908 1577 1008 1656 terra,

312 1660 404 1736 Quod
427 1659 559 1743 quisque
580 1660 710 1742 minxit,
732 1657 794 1722 hoc
816 1659 878 1722 sibi
899 1659 980 1723 solet
1001 1679 1101 1724 mane

310 1743 448 1810 Dantem
470 1746 565 1828 atque
586 1765 710 1808 russam
732 1743 885 1806 defricare
905 1742 1091 1828 gingivam,

309 1829 354 1894 Vt
374 1851 438 1915 quo
460 1829 520 1893 iste
542 1830 647 1893 vester
668 1827 837 1912 expolitior
860 1827 937 1892 dens
959 1830 1021 1909 est,

309 1913 382 1980 Hoc
402 1917 434 1978 te
457 1913 592 1997 amplius
614 1911 733 1976 bibisse
754 1911 915 1995 praedicet
936 1911 1003 1975 loti.

630 2099 814 2200 xxxxs

312 2247 474 2323 Quaenam
494 2250 527 2312 te
548 2249 633 2312 mala
654 2271 744 2314 mens
751 2298 760 2332 ,
782 2248 905 2313 miselle
926 2247 1065 2332 Ravide,

312 2334 393 2416 Agit
413 2332 618 2416 praecipitem
641 2334 676 2397 in
696 2353 785 2396 meos
806 2331 950 2397 iambos?

312 2416 388 2492 Quis
412 2417 488 2480 deus
510 2417 570 2481 tibi
591 2439 659 2481 non
679 2418 760 2482 bene
783 2417 953 2481 advocatus

309 2500 487 2565 Vecordem
508 2504 601 2586 parat
623 2503 760 2566 excitare
781 2500 905 2566 rixam?
1010 2523 1014 2536 ⁴

309 2585 363 2650 An
384 2589 421 2650 ut
441 2587 606 2669 pervenias
629 2586 664 2650 in
686 2607 742 2650 ora
763 2585 874 2671 vulgi?

310 2669 486 2745 Quidvis?
510 2691 572 2754 qua
593 2671 682 2734 lubet
704 2691 772 2735 esse
793 2673 889 2734 notus
911 2669 1025 2753 optas?

308 2753 398 2838 Eris,
421 2754 678 2839 quandoquidem
698 2775 786 2819 meos
809 2775 931 2818 amores

310 2839 389 2906 Cum
411 2839 510 2924 longa
530 2839 659 2904 voluisti
681 2861 786 2903 amare
807 2859 923 2923 poena.

632 2967 785 2978 ...0--—·

623 3053 787 3128 XXXXI.

308 3178 588 3274 Ametinapuella
610 3178 754 3242 defututa

308 3260 391 3325 Tota
411 3260 500 3324 miha
521 3283 572 3325 me
594 3261 703 3326 decern
725 3261 887 3346 poposcit,

309 3344 377 3407 Ista
397 3344 556 3426 turpiculo
578 3347 684 3427 puella
704 3367 799 3428 naso,

308 3425 495 3490 Decoctoris
518 3429 620 3491 amica
641 3428 814 3492 Formiani.
890 3488 895 3499 ,

239 3521 255 3570 c
308 3509 500 3594 Propinqui,
524 3510 638 3594 quibus
660 3515 709 3576 est
729 3511 835 3592 puella
858 3533 965 3596 curae,
