2486 4010
199 201 244 271 '14
588 203 783 264 aeteruum
1091 205 1196 278 [vm.

261 366 351 435 Inter
374 365 563 440 collimati
585 369 635 434 sae
656 366 719 435 erit
738 365 895 450 placuisse
917 365 1045 435 libellos

304 451 349 516 Et
370 450 524 522 eeeinieee
545 449 663 533 medie,
688 450 754 519 Oea
774 454 884 534 poeta,
908 451 982 518 tuis.

212 547 248 598 ee
261 535 351 606 Haee
371 537 466 609 aaut
486 555 615 620 pueros,
637 535 717 602 haee
737 538 833 602 urant
854 535 973 618 scripta
1016 533 1155 620 ualles,

305 619 421 704 Meque
443 616 537 690 deum
559 619 699 689 clament
720 621 753 684 et
774 618 854 684 mihi
875 640 965 686 saera
985 557 1114 688 [lirant.

263 703 310 769 Te
324 703 403 776 duee
418 703 469 770 vel
484 703 570 774 Iovia
585 725 674 772 arma
689 725 800 769 cauam
822 703 971 788 caeloque
986 704 1189 770 minantem

307 788 427 854 Coeum
449 791 482 853 et
502 787 686 874 Phlegraeis
708 787 925 852 Oromedonta
945 787 1045 871 iugis,

264 872 418 956 celsaque
438 871 591 946 Romanis
614 871 763 956 decerpta
782 873 901 956 palatia
922 873 1022 939 tauris

215 968 251 1020 ω
307 957 421 1022 Ordiar
443 960 476 1022 et
497 977 588 1026 caeso
610 959 738 1028 moenie
757 957 850 1024 firma
870 955 988 1040 Remo,

264 1040 469 1126 eductosque
490 1063 583 1126 peres
605 1041 744 1112 silvestri
765 1063 803 1112 ex
825 1041 921 1108 ubere
940 1061 1049 1126 reges,

307 1125 438 1190 Crescat
457 1129 490 1191 et
510 1126 676 1212 ingenium
702 1126 760 1195 sub
780 1129 836 1190 tua
857 1127 943 1193 iussa
963 1147 1089 1208 meum,

263 1207 362 1274 Prose
384 1231 441 1278 uer
462 1213 495 1278 et
516 1231 625 1278 currus
647 1213 781 1296 utreque
802 1210 842 1274 ab
864 1211 957 1280 litore
980 1212 1141 1295 ovantes,

305 1292 331 1357 P
406 1313 496 1364 orum
518 1297 642 1360 astutae
662 1295 727 1364 tela
747 1295 881 1364 remissa
900 1295 1011 1380 fugae,

213 1388 248 1439 ee
263 1374 436 1462 Castraque
456 1377 565 1446 Pelusi
585 1377 730 1444 Romano
754 1379 885 1446 rubrata
905 1379 1006 1463 ferro,

307 1461 493 1547 Antonieue
513 1483 628 1548 graves
649 1463 685 1534 in
706 1485 763 1533 sua
783 1463 851 1532 fata
871 1485 994 1535 manus.

264 1544 373 1616 Malus
393 1548 430 1617 tu
451 1551 583 1634 coeptae
603 1548 710 1618 fautor
731 1569 808 1632 eape
829 1548 898 1616 lora
918 1548 1082 1629 iuventae,

307 1630 506 1716 Dexteraque
528 1632 670 1700 inmissis
691 1630 732 1699 da
753 1633 833 1700 mihi
855 1633 949 1717 signa
968 1632 1058 1701 rotie.

264 1714 336 1779 Hoe
357 1713 451 1799 mihi,
473 1716 656 1801 Maeeenae,
679 1716 781 1786 leudis
802 1717 966 1800 eoneedie,
990 1720 1023 1781 et
1044 1737 1064 1786 a
1086 1719 1179 1802 test,

215 1812 251 1864 eo
308 1798 400 1876 Quod
419 1801 506 1867 ferar
526 1801 562 1866 in
581 1804 687 1886 partes
709 1801 778 1885 ipse
800 1801 899 1873 fixisse
919 1804 1000 1872 aaa

585 2015 689 2090 urar
717 2011 791 2118 [xp

265 2134 421 2222 Mirabar,
444 2137 596 2223 quidnam
616 2140 780 2204 misissent
800 2160 895 2204 mane
917 2137 1093 2224 Camenae,

307 2220 394 2286 Ante
415 2243 521 2288 meum
542 2227 665 2290 stantes
687 2224 753 2288 sole
775 2224 908 2290 rubente
928 2225 1045 2290 terum.

265 2301 391 2369 Natalis
411 2309 541 2372 nostrae
562 2309 690 2392 signum
711 2309 826 2376 misere
847 2308 971 2391 puellae

166 2403 173 2414 ·
310 2387 355 2452 Et
374 2387 522 2453 manibus
544 2391 667 2457 faustae
688 2394 739 2456 ter
760 2414 908 2476 crepuere
930 2412 1036 2462 eones.

236 2471 424 2537 eTranseat
444 2469 496 2538 hie
518 2473 587 2538 sine
607 2475 693 2540 nube
713 2476 797 2561 dieu,
820 2479 906 2544 sieut
927 2497 998 2548 aere
1020 2475 1128 2561 venti,

308 2556 415 2622 Ponat
436 2559 468 2622 et
489 2558 524 2622 in
545 2559 629 2625 sieeo
651 2559 792 2626 molliter
803 2561 899 2636 ,unda
918 2561 1032 2630 mines.

265 2641 431 2792 Asfiieiam
451 2643 557 2708 nullos
578 2643 734 2712 hodierna
755 2646 825 2712 luee
847 2645 1006 2728 delentes,

339 2730 354 2790 t
374 2726 499 2794 Niobae
521 2729 667 2799 lacrimae
684 2731 867 2827 ,supprimat
887 2730 956 2813 ipse
978 2730 1076 2826 lapis,

265 2810 448 2896 Alcyonum
468 2813 582 2897 positis
604 2815 803 2898 requiescant
824 2836 880 2880 ora
902 2813 1054 2897 querehr,

218 2907 252 2960 ιο
307 2895 456 2981 Increpet
476 2897 585 2963 absum
607 2901 676 2966 tum
697 2921 757 2967 nee
779 2921 837 2967 eua
856 2903 959 2968 mater
980 2897 1070 2982 Ityn,

266 2979 392 3065 Tuque,
415 3002 435 3045 e
457 3002 530 3046 aare
551 2983 594 3048 rn'
622 2983 645 3068 ',
666 2983 813 3050 felicibus
835 2983 921 3048 edite
941 2982 1057 3066 pennis
1063 3031 1073 3066 ,

311 3065 413 3150 Surge
435 3069 468 3130 et
487 3069 656 3150 poscentes
677 3068 762 3134 iusta
782 3089 912 3152 precare
928 3067 1011 3136 deos.

266 3147 315 3212 Aa
336 3151 475 3232 primum
497 3173 578 3236 pura
599 3173 746 3216 somnum
767 3152 828 3217 tibi
849 3153 970 3218 dieeute
991 3149 1129 3236 lympha

307 3231 352 3296 Et
372 3235 490 3302 nitidae
512 3257 622 3320 presso
643 3237 760 3320 pollice
780 3237 867 3322 finge
890 3257 1012 3305 eomas:

218 3328 250 3379 le
265 3313 365 3397 Dein,
388 3339 451 3399 qua
471 3321 610 3401 primum
632 3322 741 3386 oeulos
763 3342 798 3387 ee
821 3322 876 3386 isti
897 3325 985 3389 veste
1001 3321 1171 3407 Properti,

307 3397 407 3462 Indue
428 3421 488 3463 nee
509 3423 644 3472 vacuum
664 3405 742 3472 flore
763 3344 906 3490 refinque
929 3408 1040 3490 eaput,
1126 3491 1134 3504 ι

265 3480 311 3546 Et
330 3483 418 3566 pete,
441 3503 505 3564 qua
525 3487 643 3572 polles,
671 3493 708 3554 ut
729 3489 772 3556 sit
792 3490 853 3557 tibi
873 3491 978 3558 forma
998 3510 1171 3577 pereums,
1229 3515 1230 3602 p
