2468 4036
51 284 111 358 11]
470 279 578 335 arena
597 279 622 338 1

56 446 116 511 Tu
137 447 249 510 tamen
270 442 432 508 abstineas
455 442 541 506 aliis:
563 463 640 506 nam
662 443 767 506 cetera
789 444 897 507 cernet

110 529 242 594 Omnia:
266 528 305 593 de
326 549 378 592 me
399 547 463 591 uno
486 526 602 590 sentiet
623 527 677 590 ille
699 525 790 590 nihil.

60 613 154 691 Quid
176 612 324 678 credam?
345 631 461 695 nempe
482 608 563 674 haec
578 609 689 674 eadem
703 632 737 675 sa
753 609 834 674 dixit
848 631 973 674 amores

112 698 266 763 Cantibus
288 699 343 760 aut
363 695 471 759 herbis
494 695 616 759 solvere
638 716 733 778 posse
754 715 857 778 meos,
1003 705 1037 754 co

60 783 113 848 Et
134 803 187 846 me
208 781 356 846 lusitavit
375 779 495 864 taedis,
518 782 551 843 et
571 783 666 844 nocte
688 800 800 843 serena

112 865 264 932 Concidit
284 865 325 928 ad
346 863 489 950 magicos
510 863 617 927 hostia
637 863 726 947 pulla
748 862 834 928 deos.

60 951 148 1017 Non
169 971 230 1035 ego
252 951 339 1014 totus
362 948 488 1013 abesset
509 969 613 1031 amor,
636 947 691 1012 sed
713 950 841 1012 mutuus
863 948 962 1028 esset,

112 1034 268 1116 Orabam,
288 1054 349 1096 nec
370 1035 403 1096 te
424 1053 519 1115 posse
542 1053 648 1096 carere
670 1031 776 1097 velim.

61 1119 205 1186 Ferreus
225 1119 280 1182 ille
300 1117 363 1181 fuit
402 1116 457 1200 qui
477 1118 510 1180 te
532 1138 605 1180 cum
626 1119 736 1200 posset
756 1115 888 1200 habere,
1004 1124 1037 1176 65

112 1202 264 1268 Maluerit
283 1165 417 1286 praedas
440 1201 556 1264 stultus
579 1204 611 1265 et
632 1222 721 1265 arma
742 1202 841 1285 sequi.

64 1289 132 1353 Ille
154 1287 230 1351 lieet
252 1285 389 1351 Cilicum
409 1285 511 1350 victas
533 1288 609 1382 agat
630 1289 705 1350 ante
727 1289 868 1349 catervas
874 1334 884 1369 ,

113 1372 221 1436 Ponat
242 1371 330 1436 etin
352 1373 445 1454 capto
467 1368 586 1433 Martra
608 1373 713 1434 castra
734 1371 819 1452 solo,

64 1456 172 1521 Totus
194 1459 229 1519 et
249 1457 382 1539 argento
406 1456 589 1537 contextus,
610 1457 697 1518 totus
719 1457 752 1518 et
773 1475 865 1536 auro,

112 1539 257 1604 insideat
278 1539 373 1603 celeri
385 1538 638 1622 ‘conspiciendus
660 1558 757 1686 essuo'
1005 1548 1039 1597 ‘lo

65 1625 147 1710 Ipse
167 1625 266 1690 boves
288 1644 360 1688 mea
380 1623 409 1686 si
429 1625 536 1686 tecum
557 1622 653 1686 modo
708 1622 769 1686 elia
789 1620 911 1705 possim

113 1709 252 1794 Iungere
274 1707 361 1772 etin
385 1707 480 1771 solito
502 1728 631 1790 pascere
652 1709 762 1771 monte
784 1727 896 1790 pecus:

66 1793 116 1858 Et
137 1796 171 1857 te
193 1794 268 1857 dum
289 1792 384 1856 liceat
404 1792 522 1855 teneris
544 1792 680 1855 retinere
701 1791 844 1872 lacertis,

118 1877 228 1940 Mollis
251 1879 282 1940 et
303 1876 425 1939 inculta
446 1876 489 1939 sit
509 1875 589 1940 mihi
611 1896 741 1938 somnus
762 1872 870 1938 humo.

68 1961 157 2039 Quid
178 1961 274 2044 Tyrio
296 1959 447 2025 recubare
468 1962 540 2024 toro
562 1959 632 2024 sine
654 1980 760 2023 amore
782 1958 920 2022 secundo
1005 1967 1039 2018 75

113 2045 265 2126 Prodest,
287 2066 360 2108 cum
379 2045 457 2108 fletu
478 2066 543 2108 nox
563 2043 728 2128 vigilanda
748 2042 858 2107 venit?

67 2130 159 2198 Nam
169 2151 272 2212 neque
286 2132 355 2194 turn
365 2129 493 2212 plumae
505 2150 565 2192 nec
576 2129 719 2214 stragula
729 2127 816 2212 picta
828 2147 975 2211 soporem

114 2213 185 2280 Nec
206 2213 330 2278 sonitus
353 2213 497 2297 placidae
520 2212 633 2278 ducere
654 2215 764 2297 posset
785 2233 894 2296 aquae.

69 2299 161 2366 Num
182 2297 318 2363 Veneris
339 2319 476 2382 magnae
496 2297 615 2362 violavi
636 2297 768 2362 numina
790 2297 904 2381 verbo,

114 2383 159 2448 Et
179 2405 252 2447 mea
271 2404 358 2446 nunc
379 2403 499 2465 poenas
520 2382 609 2465 inpia
630 2383 741 2468 lingua
762 2381 843 2445 luit?
1004 2391 1039 2440 80

70 2468 161 2535 Num
182 2467 268 2532 feror
288 2467 429 2532 incestus
450 2465 540 2530 sedes
567 2467 682 2531 adiisse
704 2467 836 2530 deorum

117 2552 269 2636 Sertaque
290 2551 329 2616 da
352 2552 470 2615 sanctis
493 2551 668 2634 deripuisse
689 2550 793 2615 focis?

70 2637 149 2704 Nou
172 2658 248 2722 ego,
270 2636 299 2700 si
319 2636 435 2718 merui,
458 2635 600 2699 dubitem
621 2635 829 2719 procumbere
851 2632 980 2716 templis

115 2721 160 2785 llt
181 2721 256 2785 dare
278 2721 409 2785 sacratis
432 2720 540 2784 oscula
561 2719 740 2802 liminibus,

69 2805 151 2873 Non
172 2827 233 2890 ego
255 2805 403 2869 tellurem
423 2804 559 2888 genibus
581 2824 748 2888 perrepere
770 2801 905 2885 supplex
1005 2809 1037 2861 85

114 2889 160 2954 Et
180 2891 331 2954 miserum
354 2891 465 2953 sancto
486 2888 620 2952 tundere
641 2890 734 2970 poste
757 2889 860 2970 caput.

69 2976 119 3040 At
139 2977 191 3058 tu,
214 2975 268 3058 qui
289 2974 392 3038 laetus
413 2972 498 3036 rides
520 2971 605 3035 mala
625 2974 751 3054 nostra,
775 2971 885 3034 caveto

115 3058 193 3124 Mox
213 3058 288 3123 tibi:
309 3080 378 3122 non
397 3056 455 3121 uni
477 3055 597 3120 saeviet
617 3076 718 3138 usque
739 3054 825 3118 deus.

67 3142 148 3210 Vidi
171 3163 247 3228 ege,
270 3143 325 3226 qui
346 3143 499 3208 iuvenum
519 3140 653 3204 miseros
674 3139 804 3203 lusisset
825 3159 948 3202 amores
954 3187 965 3223 ,

114 3227 194 3292 Post
215 3225 351 3292 Veneris
372 3226 486 3291 vinclis
509 3224 643 3290 subdere
666 3224 748 3288 colla
769 3245 878 3290 senem
1004 3233 1039 3284 9ο

67 3312 117 3379 Et
138 3311 199 3376 sibi
220 3311 394 3376 blanditias
415 3311 553 3376 tremula
575 3329 755 3393 conponere
776 3328 854 3372 voce

114 3396 160 3460 Et
179 3396 329 3461 manibus
351 3417 445 3461 canas
466 3395 588 3544 &fiere
609 3394 690 3458 velle
713 3413 835 3456 comas:

70 3481 165 3549 Stare
186 3501 247 3546 nec
268 3483 342 3546 ante
363 3481 448 3546 sores
471 3501 514 3563 pu
537 3482 585 3543 urt
607 3499 737 3542 caraeve
758 3477 883 3560 puellae

114 3566 278 3631 Ancillam
298 3563 404 3630 medio
428 3563 600 3628 detinuisse
621 3563 701 3628 foro.
