2470 4010
72 362 105 408 A*

107 619 352 792 mu
387 617 600 782 ‚cmvi
642 616 954 718 arroavir

414 800 654 868 OARMINVM

359 955 705 1048 RELIQVIAE.

458 1145 611 1155 -ι--ιιι-

103 1296 146 1352 De
164 1296 330 1364 aequalibus
349 1293 454 1349 Catulli
476 1295 506 1347 et
523 1292 679 1346 studiorum
697 1291 872 1346 consortibus
889 1305 905 1344 e
922 1288 1017 1342 multis

54 1365 123 1420 haec
141 1363 327 1420 adscribenda
344 1363 412 1417 duxi
434 1363 562 1417 veterum
583 1359 747 1414 testimonia
769 1364 846 1430 (nam
862 1357 949 1428 ipsius
967 1357 1018 1410 Ca·

54 1433 117 1486 tulli
134 1434 309 1500 praetereo):

104 1501 200 1555 Cicero
213 1499 293 1553 lucc,
305 1499 357 1565 111,
371 1505 417 1553 19:
435 1515 451 1552 o
484 1498 578 1552 oetam
590 1495 735 1566 egregium
748 1494 902 1565 (Ennium)!
921 1507 1018 1560 quam-

59 1584 144 1636 quam
161 1569 198 1621 ab
216 1568 260 1620 his
278 1568 439 1620 cantoribus
480 1565 643 1635 uphorionis
661 1563 856 1618 contemnitur.

104 1636 184 1689 Idem
202 1635 238 1688 ad
256 1635 315 1688 aa.
334 1635 399 1697 VH,
417 1641 446 1687 2:
464 1635 506 1688 ita
522 1633 598 1686 belle
615 1633 696 1686 nobis

204 1703 301 1755 ‘flavit
319 1703 355 1756 ab
373 1702 458 1780 Epiro
476 1701 634 1755 leuissimus
652 1698 864 1754 Onchesmites.²

55 1769 127 1892 {itm
145 1771 368 1826 σπονδειάζοντα
385 1770 455 1824 sicui
471 1769 550 1824 voles
567 1773 628 1822 τῶν
646 1769 799 1835 νεωτέρων
815 1782 867 1834 pro
884 1766 935 1820 tuo
952 1779 1018 1818 uen-

73 1855 120 1892 ia.

101 1906 179 1962 Naso
196 1906 330 1962 Tristium
348 1907 387 1974 ΙΙ,
405 1911 455 1962 427
473 1921 534 1973 sqq.

119 1998 166 2054 Sic
185 2015 237 2053 sua
252 1998 359 2054 lascivo
378 1999 520 2052 cantatast
537 2014 622 2066 saepe
640 1995 752 2052 Catullo

153 2067 281 2133 Femina,
300 2068 345 2120 oui
361 2067 465 2120 falsum
482 2066 582 2120 Lesbia
598 2081 701 2119 nomen
718 2063 787 2118 erat

120 2137 180 2190 Neo
199 2136 347 2190 contentus
365 2149 397 2188 eo
415 2135 519 2187 multos
539 2133 668 2202 volgavit
685 2148 804 2198 amores,

54 2210 102 2259 430
155 2204 189 2256 In
206 2202 308 2270 quibus
325 2202 386 2270 ipsc
404 2219 486 2255 suum
502 2203 594 2255 fassus
611 2201 817 2255 adulteriumst

119 2271 176 2324 Par
193 2271 249 2324 fuit
267 2271 362 2338 exigui
379 2269 534 2336 similisque
551 2269 668 2323 licentia
686 2268 778 2335 Calvi,

154 2337 271 2392 Detexit
288 2338 373 2391 variis
391 2337 441 2414 qui
458 2353 509 2390 sua
526 2337 603 2390 furta
618 2335 717 2390 modis.

122 2405 197 2471 Quid
214 2406 335 2460 referam
352 2404 476 2471 lic1dae,
494 2404 564 2471 quid
581 2403 697 2458 Memmi
714 2410 844 2458 carmen?
863 2403 939 2472 apud
951 2418 1020 2472 quos

155 2474 252 2528 Rebus
270 2473 353 2527 adest
369 2489 472 2527 nomeu
488 2471 704 2538 nominibusque
741 2472 824 2538 udor,

54 2547 103 2596 437
121 2541 160 2594 Et
177 2557 297 2609 quorum
314 2541 393 2594 libris
411 2540 495 2593 modo
513 2539 690 2593 dissimulata
730 2539 827 2593 erillae

157 2609 293 2674 Nomine,
310 2625 385 2662 nunc
401 2608 506 2678 legitur
524 2607 612 2673 dicta,
631 2607 757 2672 Metelle,
775 2609 834 2660 tuo.

53 2681 102 2730 435
121 2675 212 2732 Cinna
229 2691 342 2743 quoqne
357 2675 401 2730 his
420 2691 512 2729 comes
532 2676 587 2739 est,
607 2674 750 2741 Cinnaque
767 2673 912 2743 procacior
923 2675 1020 2742 Anser,

155 2745 194 2797 Et
210 2743 275 2798 leve
294 2743 423 2798 Cornifici
439 2759 548 2811 parque
567 2741 679 2797 Catonis
696 2758 779 2819 opus:

120 2811 149 2865 Is
168 2827 295 2878 quoque,
314 2811 465 2865 Phasiacas
482 2812 578 2878 Argon
596 2810 645 2876 qui
663 2811 744 2864 duxit
760 2809 790 2862 in
806 2810 907 2876 undas,

53 2883 103 2933 440
156 2879 222 2933 Non
240 2879 335 2946 potuit
351 2878 461 2932 veneris
478 2880 555 2932 furta
571 2879 665 2931 tacere
684 2893 759 2931 suae.

120 2946 183 3001 Nee
201 2946 292 2999 minus
309 2945 453 3010 Hortensi,
472 2962 523 2999 nec
541 2946 606 2998 sunt
622 2943 713 2997 minus
730 2944 850 3012 inproba
867 2943 947 3000 Servi

157 3014 297 3068 Carmina.
333 3013 395 3080 quis
414 3013 526 3066 dubitet
541 3011 656 3065 nomina
672 3013 754 3064 tanta
771 3011 870 3080 sequi?

119 3081 218 3136 Vertit
234 3081 377 3135 Aristiden
395 3081 505 3146 Siscna,
523 3096 575 3134 nec
592 3078 685 3132 obfuit
700 3078 755 3147 illi,

154 3149 298 3203 Historiae
315 3152 413 3218 turpes
429 3147 577 3202 inseruisse
595 3147 679 3200 locos.

52 3220 102 3270 445
121 3216 187 3270 Non
205 3217 261 3270 fuit
278 3217 430 3285 opprobrio
448 3215 604 3271 celebrasse
621 3214 759 3284 Lycorida
777 3215 872 3285 Gallo,

156 3285 214 3339 Sed
231 3284 359 3354 linguam
375 3283 462 3339 nimio
479 3301 536 3338 non
552 3283 674 3338 tenuisse
691 3301 777 3341 mero.

52 3373 72 3424 E
100 3375 206 3442 quibus
233 3379 329 3432 tamen
354 3378 447 3431 minus
474 3375 511 3431 ad
536 3392 596 3432 rem
620 3378 748 3432 nostram
767 3379 877 3432 faciunt
897 3377 1021 3432 diversas

52 3443 187 3510 equidem
212 3445 248 3499 ob
272 3459 370 3499 causas
388 3444 485 3499 Sisena
507 3445 537 3499 ct
554 3443 661 3498 Gallus.
701 3445 832 3500 Ceterum
853 3445 1022 3499 conferenda

52 3523 116 3563 cum
133 3511 179 3566 his
197 3511 284 3566 Plinii
309 3512 430 3582 epistula
448 3519 463 3567 3
485 3511 535 3566 lib.
553 3511 587 3578 V,
610 3511 661 3565 ubi
680 3512 751 3566 item
772 3511 941 3564 lascivorum
962 3527 1020 3562 car·
