2468 4036
65 251 151 322 mr]
303 275 307 282 ·
472 250 581 308 rinna
601 252 637 310 Π.
998 248 1041 314 29

66 413 161 479 Nota
172 414 300 498 loquor:
315 433 450 498 regnum
461 413 522 478 iste
532 417 630 499 tenet,
647 437 741 499 quern
760 438 853 501 saepe
871 416 977 502 coegit

113 498 257 562 Barbara
277 502 430 648 gypsatos
452 499 536 563 ferro
557 501 678 564 catasta
698 499 804 583 pedes.
1006 513 1040 562 eo
1093 575 1099 582 ι

67 585 119 647 At
140 582 201 646 tibi
222 582 300 646 dura
330 582 421 668 letes,
439 581 605 648 Nemesim
620 585 674 668 qui
688 585 818 649 abducis
833 586 874 650 ab
888 587 975 670 urbe,

113 665 282 731 Persolvat
302 667 392 732 nulla
413 667 535 731 semina
556 671 642 733 certa
662 669 733 734 fide.

67 751 116 817 Et
137 753 190 836 tu,
212 749 338 816 Bacche
359 753 464 835 tener,
488 751 644 818 iucundae
666 753 809 818 consitor
830 776 925 837 uvae,

114 834 164 899 Tu
186 855 312 920 quoque
335 835 484 919 devotos,
507 836 650 921 Bacche,
671 838 815 923 relinque
836 839 933 904 lacus.

69 920 167 984 Haud
190 921 310 1004 inpune
331 919 408 985 licet
427 921 585 986 formosas
605 922 750 988 tristibus
772 923 858 1007 agris
1006 934 1040 986 65

112 1004 259 1069 Abdere:
281 1025 349 1068 non
368 1005 452 1069 tanti
474 1008 550 1070 sunt
569 1009 626 1070 tua
646 1009 765 1090 musta,
787 1011 889 1091 pater.

71 1089 99 1154 0
122 1088 251 1153 valeant
270 1088 395 1174 fruges,
418 1109 459 1153 ne
481 1090 547 1156 sint
567 1090 663 1156 modo
685 1113 758 1156 rure
780 1092 920 1176 puellae:

114 1171 218 1237 Glans
239 1173 320 1255 alat,
343 1176 376 1237 et
395 1173 502 1257 prisco
523 1195 613 1240 more
635 1175 786 1240 bibantur
807 1197 916 1259 aquae.

72 1257 174 1322 Glans
197 1257 278 1321 aluit
298 1260 436 1342 veteres,
459 1261 493 1322 et
512 1259 633 1343 passim
655 1281 781 1344 semper
801 1264 964 1326 amarunt:

114 1340 199 1417 Quid
220 1341 332 1406 nocuit
353 1343 459 1407 sulcos
479 1363 548 1410 non
569 1343 719 1410 habuisse
740 1345 849 1410 satos?
1005 1357 1038 1408 70

71 1425 171 1508 Tum,
195 1426 309 1510 quibus
331 1427 494 1511 aspirabat
513 1429 630 1511 Amor,
651 1429 825 1512 praebebat
846 1433 954 1514 aperte

113 1510 204 1574 Mitis
226 1510 261 1574 in
281 1510 431 1575 umbrosa
452 1511 569 1595 gaudia
588 1512 672 1576 valle
692 1511 812 1577 Venus.
882 1521 888 1528 '

72 1593 189 1659 Nullus
211 1596 280 1658 erat
300 1598 422 1679 eustos,
444 1596 533 1660 nulla
555 1595 719 1660 exclusura
740 1596 885 1661 dolentes

113 1679 229 1743 Ianua:
252 1679 280 1744 si
301 1679 350 1743 fas
372 1681 436 1764 est,
459 1702 527 1744 mos
549 1701 663 1764 precor
683 1681 739 1745 ille
759 1681 837 1745 redi.

115 1847 251 1912 Horrida
271 1847 387 1912 villosa
409 1869 542 1932 corpora
563 1851 650 1913 veste
671 1851 793 1934 tegant.

75 1930 168 1997 Nunc
190 1932 218 1996 si
240 1932 347 1996 clausa
366 1940 484 2016 meast,
510 1933 538 1998 si
560 1953 597 1997 co
620 1934 653 1998 ia
672 1955 746 1998 rara
767 1932 911 2017 videndi,

116 2015 188 2080 Heu
209 2016 375 2101 miserum,
400 2018 505 2082 laxam
527 2017 582 2102 qui
624 2019 714 2083 iuvat
735 2039 803 2083 esse
825 2017 956 2103 togam?

77 2097 206 2166 Ducite:
230 2100 271 2164 ad
291 2101 461 2186 imperium
483 2101 631 2167 dominae
653 2103 844 2168 sulcabimus
867 2124 977 2190 agros:

115 2183 191 2252 Non
213 2205 273 2271 ego
295 2207 346 2250 me
368 2187 482 2252 vinclis
503 2187 750 2271 verberibusque
771 2209 865 2273 nego.
1004 2201 1039 2250 80

480 2316 630 2328 —n——n

512 2401 595 2477 llll.

76 2523 136 2590 Hic
156 2525 237 2589 mihi
258 2525 422 2590 servitium
442 2525 534 2590 video
558 2525 781 2612 dominamque
802 2529 959 2611 paratam:

115 2610 183 2674 Iam
204 2608 300 2692 mihi,
322 2609 453 2674 libertas
475 2611 531 2674 illa
551 2615 699 2695 paterna,
721 2613 800 2676 vale.

77 2691 245 2758 Servitium
267 2693 324 2759 sed
344 2694 435 2758 triste
458 2694 564 2778 datur,
585 2699 759 2778 teneorque
782 2695 919 2778 catenis,

114 2779 159 2843 Et
179 2799 354 2862 numquam
375 2779 491 2843 misero
513 2779 620 2843 vincla
640 2779 775 2843 remittit
796 2780 911 2861 Amor,

75 2859 117 2926 Et
137 2885 194 2928 seu
218 2864 293 2948 quid
314 2865 430 2941 merui,
453 2885 510 2926 seu
531 2863 609 2946 quid
628 2864 842 2948 peccavimus,
864 2863 937 2926 urit.
1023 2875 1039 2927 5

115 2946 200 3013 Vror
221 2949 269 3012 io:
291 2969 437 3030 remove,
460 2968 554 3011 saeva
573 2948 695 3031 puella,
717 2948 813 3011 faces.

77 3030 102 3095 0
125 3053 186 3117 ego
208 3054 250 3096 ne
270 3033 392 3117 possim
413 3032 494 3096 tales
518 3031 636 3094 sentire
660 3031 800 3112 dolores,

116 3115 218 3192 Quam
240 3117 370 3182 mallem
391 3117 427 3180 in
448 3115 564 3200 gelidis
585 3116 748 3180 montibus
771 3138 840 3182 esse
862 3117 959 3203 lapis,

77 3197 163 3264 Stare
186 3202 238 3266 vel
259 3201 381 3266 insanis
403 3204 511 3266 cautes
534 3201 674 3265 obnoxia
694 3201 813 3285 ventis,

17 3361 18 3366 γ
116 3284 283 3372 Naufraga
305 3307 401 3369 quam
422 3286 506 3350 vasti
526 3284 675 3350 tunderet
694 3285 780 3350 unda
801 3287 913 3352 maris!
1008 3299 1041 3348 10

77 3364 169 3434 Nunc
191 3373 225 3434 et
245 3391 354 3434 amara
375 3371 442 3435 dies
464 3373 497 3434 et
518 3371 622 3434 noctis
645 3371 782 3436 amarior
802 3373 961 3435 umbrast:

17 3509 18 3520 ,
117 3453 232 3518 Omnia
253 3456 318 3520 iam
339 3455 424 3520 tristi
445 3457 590 3538 tempora
610 3455 685 3520 felle
706 3455 845 3519 madent.

17 3557 18 3614 ἢ
78 3531 143 3602 Nec
162 3543 299 3623 prosrmt
320 3539 403 3625 elegi
424 3560 485 3603 nec
507 3539 657 3603 carminis
679 3543 791 3604 auctor
812 3537 947 3620 Apollo:
