2444 4056
186 232 238 278 x11
565 189 777 272 PRAEFATIO]

185 406 256 464 Pdg-
273 385 447 459 221·--304‚
464 384 567 460 magis,
583 385 619 442 ut
632 383 715 458 puto,
731 401 789 458 quo
805 383 1024 446 demonstraret
1038 388 1159 449 talibus
1220 356 1221 417 3

186 471 327 530 adhibitis
341 468 487 541 ludibriis,
508 467 617 542 quibus
631 485 710 526 nunc
724 467 910 527 delectantur
924 467 988 528 fere
1002 469 1157 548 philologi

185 555 295 628 nostri,
316 571 410 628 neque
436 552 575 610 utilitatis
596 549 754 628 quicquam
779 569 833 611 nec
853 551 1047 614 iucunditatis
1068 573 1156 614 acce-
1220 568 1221 617 ξ

187 639 257 698 dere
271 636 381 713 poetis»,
404 654 493 711 qnam
513 634 592 711 qnod
611 635 674 710 ipse
690 637 823 709 speraret
837 635 941 694 multis
955 653 986 696 se
1001 654 1066 697 esse
1083 657 1156 714 pro·

185 722 324 781 batorum
338 721 502 780 carminum
515 720 604 778 istem
619 717 804 777 divisionem.
846 716 1052 794 Coniecturae,
1076 740 1156 797 quas
1219 743 1220 790 T

185 806 341 880 proposuit
353 805 401 864 vir
415 803 602 863 doctissimus
612 800 691 860 haud
703 819 820 876 pancas,
833 819 868 861 eo
882 803 1057 879 plerumque
1073 806 1154 866 vitio
1219 819 1220 830 ¹

185 889 320 949 laborare
340 904 460 959 censeo,
485 903 543 961 quo
562 885 651 943 multi
671 884 885 945 Britannorum
910 885 1055 963 philologi
1081 906 1154 950 oon·

184 973 345 1044 dictantur,
360 971 389 1028 h.
402 987 427 1028 a.
444 987 543 1030 amore
555 987 616 1029 nou
628 968 847 1044 simplicissima
856 987 990 1044 quaeque
1005 972 1152 1047 sectandi,

186 1056 239 1116 sed
260 1053 495 1114 abstrusissima:
519 1053 566 1112 bis
581 1055 665 1113 terve
679 1069 726 1110 me
742 1051 785 1111 eis
800 1053 844 1111 nti
866 1053 998 1127 memini,
1014 1071 1068 1114 nec
1085 1074 1152 1116 sae-

185 1140 252 1214 pius
268 1138 441 1197 commentis
455 1137 569 1215 Heysii.

224 1259 225 1264 1
240 1221 305 1280 lam
314 1239 352 1281 ne
364 1221 491 1282 nimium
501 1222 646 1280 increscat
656 1221 727 1282 libri
738 1220 827 1281 huius
838 1222 942 1294 moles,
954 1222 987 1282 in
999 1223 1152 1284 afferenda

185 1305 320 1366 lectionis
336 1305 481 1365 varietate
494 1323 528 1364 ca
541 1303 730 1379 potissimum
741 1302 963 1380 persequemur,
973 1324 1047 1381 quae
1057 1307 1153 1367 aliter

185 1407 218 1447 ec
232 1389 438 1448 Lachmannus
457 1388 489 1448 in
509 1387 638 1450 editione
658 1406 684 1447 a.
709 1389 789 1448 1829
810 1388 918 1449 emissa
936 1389 1015 1463 fecit,
1037 1392 1151 1450 consti-

184 1472 295 1530 tuenda
314 1489 379 1532 esse
406 1472 586 1544 consuimus,
604 1471 724 1531 omissis
748 1470 811 1532 fere
832 1490 907 1547 qnae
932 1473 977 1548 ad;¹
993 1473 1151 1550 orthogra-

184 1556 285 1630 phiam
304 1555 456 1630 pertinent
468 1555 518 1614 vel
537 1555 621 1630 siqua
641 1555 736 1614 invito
750 1554 803 1614 illo
818 1573 854 1613 cx
867 1555 953 1616 libris
967 1557 1086 1632 scriptis
1102 1579 1150 1618 re-

185 1639 321 1710 duximus
342 1639 465 1714 aliisque
484 1638 573 1697 rebus
593 1637 737 1697 leviculis.
766 1637 854 1698 Notis
868 1641 968 1698 entem
982 1641 1029 1700 nsi
1043 1659 1150 1704 snmus
1205 1663 1210 1676 ·

183 1723 280 1783 isdem
299 1723 407 1799 quibus
428 1720 598 1782 Schwebius
619 1723 654 1780 ut
673 1719 702 1778 V
715 1721 803 1781 litera
817 1721 1033 1798 significaretur
1047 1742 1149 1784 exem-

183 1808 250 1883 plar
265 1805 376 1867 catulli
390 1804 570 1880 Veronense,
593 1803 803 1878 Germanense,
817 1805 1060 1881 Laurentiannm,
1076 1807 1148 1868 Col-

184 1892 349 1965 bertinum,
370 1891 520 1951 Datannm
538 1909 593 1966 per
613 1888 648 1962 Gr,
670 1889 706 1962 L,
723 1887 756 1962 0,
771 1888 809 1948 D.
840 1887 899 1948 Sed
913 1892 1071 1966 autequam
1087 1893 1148 1952 sin-

184 1976 256 2050 gule
269 1974 436 2046 videamus,
452 1975 552 2047 paneis
567 1973 625 2032 erit
639 1971 812 2045 dicendum,
828 1972 946 2048 qualem
960 1975 1148 2048 probandam

184 2055 451 2115 existimaverimus
466 2057 642 2130 scripturam
656 2056 826 2116 verborum.
905 2116 907 2120 ,
971 2120 975 2126 ,

246 2139 352 2214 Itaque
372 2141 488 2198 constat
507 2138 587 2198 inter
607 2157 709 2198 omnes
727 2141 760 2199 in
774 2139 933 2216 archetypo
947 2140 1000 2200 illo
1015 2142 1148 2216 plurima

183 2223 278 2282 fuisse
291 2224 407 2282 servata
420 2220 547 2298 vestigia
560 2222 673 2297 priscae
687 2223 847 2282 verborum
861 2224 1034 2298 scripturae,
1049 2244 1147 2301 paene

184 2311 218 2365 ut
231 2305 327 2381 possis
342 2305 484 2380 suspicari
494 2305 654 2366 Frontonis
669 2309 814 2382 tempore,
823 2325 881 2382 quo
895 2311 1029 2368 veterem
1044 2309 1146 2382 ortho-

183 2389 339 2466 graphiam
354 2389 511 2448 ambitioso
526 2389 623 2449 studio
638 2389 824 2468 repetierunt
837 2391 987 2465 homines,
997 2390 999 2392 ’
1009 2392 1146 2455 extitisse

183 2473 418 2548 grammaticum,
427 2473 478 2548 qni
493 2473 612 2546 librum,
625 2491 642 2532 a
656 2491 714 2548 quo
730 2473 876 2550 originem
890 2475 982 2534 traxit
993 2478 1147 2550 exemplar

183 2556 363 2629 Veronense,
375 2557 485 2631 passim
496 2556 670 2633 corrigendo
685 2556 723 2614 ed
734 2557 861 2631 priscam
873 2575 948 2634 quae
964 2557 1074 2618 Catulli
1086 2560 1147 2620 fnit

183 2641 318 2715 tempore
333 2641 481 2706 scribendi
495 2658 630 2699 normam
644 2644 807 2700 revocaret.

246 2724 345 2800 Igitur
358 2742 444 2800 saepe
459 2725 635 2796 invenimus,
651 2725 714 2784 sive
728 2724 846 2800 integra
863 2725 1010 2800 scriptura
1025 2744 1145 2801 expres-

183 2828 247 2868 sam
262 2809 324 2871 sive
336 2808 512 2884 corruptelis
523 2807 682 2866 indicatam
693 2807 909 2884 diphthongum
920 2810 1009 2884 cipro
1021 2811 1032 2868 c'
1043 2810 1145 2887 longe,

184 2893 289 2952 deinde
309 2911 347 2954 ao
362 2911 416 2968 pro
436 2911 493 2961 aa,
514 2909 604 2966 porro
626 2893 693 2964 quoi
711 2909 766 2965 pro
787 2893 849 2960 cui,
869 2894 904 2949 nt
923 2892 981 2950 elia
996 2893 1145 2954 omittam.

184 2973 368 3049 Quemquam
386 2977 466 3052 qnod
485 2975 597 3052 legitur
616 2974 780 3035 identidem
803 2975 835 3033 in
855 2973 939 3034 codd.
962 2973 1073 3034 Catulli
1093 2980 1147 3050 qm

181 3076 237 3133 pro
249 3060 305 3126 cut,
313 3057 377 3117 falli
388 3077 447 3131 eos,
454 3061 505 3135 qui
515 3058 650 3134 putarint
660 3057 784 3118 indicari
795 3057 848 3118 hac
859 3058 1006 3134 scriptura
1017 3059 1147 3120 formam

182 3141 378 3201 vetustiorem
399 3141 602 3202 adsentiantur
616 3143 697 3215 mihi,
718 3143 895 3217 quicumque
914 3143 1025 3202 multos
1045 3161 1145 3204 versa-

183 3225 245 3282 rint
264 3225 357 3284 libros
378 3224 511 3298 scriptos.
541 3223 622 3283 Haec
642 3225 733 3286 simili
753 3224 841 3285 modo
860 3242 920 3300 quo
934 3224 967 3284 in
982 3227 1147 3303 archetypo

183 3308 316 3368 extitisse
337 3309 403 3366 erat
421 3325 595 3382 persuasum
615 3308 723 3382 stipsi
743 3309 1039 3382 repraesentavimus,
1054 3312 1146 3384 plane

140 3465 143 3471 ¹
184 3392 261 3449 sicut
276 3390 447 3450 Schwabius
462 3390 566 3460 etalii,
582 3391 661 3464 quod
676 3392 786 3462 contre,
801 3392 837 3448 nt
851 3390 954 3448 eadem
967 3390 1082 3452 ratione
1097 3396 1147 3454 usi

130 3526 135 3555 ζ
183 3475 311 3547 priscam
331 3472 441 3548 ubique
462 3471 669 3533 reduceremus
690 3474 880 3548 scripseram,
900 3474 960 3536 nisi
979 3475 1032 3535 ubi
1050 3477 1148 3537 nimie
