2464 4020
433 305 644 382 sensusne.
959 319 1035 370 xvu

59 494 125 552 quo
147 474 244 534 rarius
259 474 312 549 qui
330 473 418 534 hodie
432 492 465 534 se
479 475 582 534 ferunt
595 475 728 535 Dauniae
744 474 890 538 Camenae
905 477 1034 537 arbitros

60 560 172 618 eodem
191 561 318 633 possunt
338 558 446 618 ornari.
479 558 592 618 Tamen
612 559 692 634 quod
705 561 813 619 mirere
828 563 973 638 cumipse
988 563 1033 622 tu·

60 645 124 704 erit
138 642 306 702 carminum
319 643 497 702 Latinorum
511 645 614 704 auctor
628 643 707 704 haud
721 644 884 721 inelegans,
904 647 1034 722 plurima

60 729 128 786 eius
150 727 287 786 doctrina
306 744 370 786 non
389 727 490 802 potuit
508 727 674 802 prohibere,
696 729 770 802 quin
783 729 941 804 aliquando
956 749 1033 790 cras·

60 811 144 870 aiore
167 829 239 871 usus
259 811 395 870 Minerva
415 811 577 886 explicaret
595 810 746 887 Propertii
767 831 880 873 versus.
923 813 1032 873 Emen-

59 895 170 954 dandis
184 894 280 953 isdem
295 894 352 953 etsi
363 912 425 954 non
436 894 642 970 spernendam,
654 914 716 956 non
729 900 831 956 tamen
844 899 1031 973 praecipuam

59 979 186 1039 navant
200 995 331 1053 operam.
361 979 425 1037 Nec
439 980 568 1038 multrun
588 980 717 1054 profecit
733 980 891 1042 Sentenius
906 984 958 1057 qui
972 1001 1033 1040 ma-

61 1064 110 1138 gis
130 1081 168 1122 ea
186 1080 219 1122 re
239 1061 381 1122 notabilis
401 1063 482 1138 quod
510 1063 642 1122 studium
667 1065 838 1124 litterarum
857 1065 1033 1126 Latinarum

60 1150 135 1206 tunc
155 1146 300 1221 temporis
321 1147 432 1206 sensim
452 1147 663 1208 intermoriens
684 1148 763 1224 apud
781 1149 911 1214 Batauos
936 1149 1033 1226 quoad

62 1232 140 1290 uixit
153 1249 208 1306 pro
222 1231 306 1290 virili
324 1233 410 1305 parte
431 1232 613 1292 sustentavit
626 1251 716 1307 quem
728 1234 810 1308 quod
823 1235 888 1310 ipse
902 1236 1032 1294 multum

62 1316 264 1390 praestitisset
290 1313 486 1390 scriptoribus
511 1316 651 1376 classicis.
696 1316 835 1378 Ceterum
860 1319 966 1378 horum
995 1317 1032 1378 de

63 1399 171 1472 quibus
191 1399 240 1458 hio
259 1398 361 1474 egitur
383 1417 468 1460 caras
489 1402 524 1458 ut
538 1402 685 1476 corrigere
701 1402 797 1474 facile,
812 1404 856 1461 ita
869 1421 1032 1478 numquam

63 1484 106 1542 eis
131 1484 228 1558 possis
253 1500 352 1558 egere.
397 1483 467 1544 Mox
491 1483 698 1545 Lachmannus
725 1505 750 1544 a.
774 1487 854 1546 1816
880 1484 1033 1562 superavit

63 1585 166 1626 omnes
182 1566 370 1628 Burmannos
389 1566 502 1630 virtute
523 1575 554 1626 et
572 1568 729 1626 industria.
759 1568 843 1627 Idem
857 1569 932 1628 XHI
946 1571 1031 1630 annis

64 1648 228 1710 interiectis
250 1650 347 1711 denuo
367 1650 518 1726 Propertii
539 1652 670 1710 carmine
695 1653 849 1728 recognita
874 1653 975 1712 emisit
1001 1653 1033 1711 in

64 1735 226 1810 publicum,
242 1753 301 1810 qua
316 1734 446 1794 editione
462 1735 534 1812 quid
549 1736 666 1796 consilii
681 1738 798 1796 secutus
819 1738 907 1808 esset,
928 1736 979 1795 vix
999 1755 1032 1795 ao

64 1835 101 1876 ne
120 1819 172 1878 rix
192 1818 313 1894 quidem
334 1838 365 1877 se
391 1819 567 1906 intellegere
588 1820 678 1877 multi
699 1822 770 1878 sunt
791 1820 927 1895 professi.
973 1819 1032 1878 Sed

64 1919 136 1976 ques
150 1903 183 1960 in
196 1903 382 1978 praefatione
390 1901 502 1962 Catulli
514 1904 704 1978 exposuimus
715 1903 779 1962 eius
793 1901 886 1962 fuisse
901 1903 1032 1962 rationes

65 1985 122 2043 iem
147 1987 198 2044 alii
223 1990 303 2046 recte
329 1990 553 2062 perspexerant.
595 1985 734 2045 Proxime
762 1987 960 2046 nominandus
987 1990 1033 2046 est

64 2067 287 2146 Hertzbergius,
309 2071 362 2146 qui
375 2071 462 2130 annis
479 2071 656 2130 1843-45
671 2071 823 2146 Propertii
839 2089 929 2146 opera
943 2090 1032 2146 appa-

66 2157 131 2211 ratu
146 2155 247 2213 critico
262 2157 293 2214 et
308 2154 530 2215 commentariis
542 2154 688 2214 instructa
701 2172 757 2213 nec
771 2156 870 2214 minus
884 2155 1032 2231 quaestio-

66 2255 136 2295 num
149 2238 246 2297 tribus
260 2239 365 2298 liberis
380 2239 496 2298 munita
509 2238 596 2297 Helie
612 2239 761 2298 Saxonum
776 2237 877 2297 edidit.
907 2239 952 2298 De
968 2240 1032 2298 eius

67 2321 144 2381 curis
158 2323 383 2382 acerbissimum
404 2323 517 2398 pariter
532 2325 619 2398 atque
635 2322 855 2398 iniquissimum
869 2323 942 2382 tulit
956 2323 1032 2381 iudi-

67 2404 143 2464 cium
157 2405 224 2465 Car.
236 2406 479 2466 Muellenhoffius
493 2407 526 2464 in
540 2407 700 2465 menstruis
715 2407 899 2468 Kiliensibus
914 2426 940 2466 e.
949 2406 1032 2465 1854

67 2488 167 2562 editis,
188 2492 422 2566 pg.186,187.
452 2489 528 2563 Nos,
551 2492 603 2565 qui
624 2493 659 2549 ut
677 2492 739 2550 irae
759 2492 803 2550 ite
823 2491 915 2552 studii
930 2509 1032 2549 causas

68 2575 168 2646 prooul
188 2573 347 2647 habemus,
369 2575 445 2632 bene
464 2574 551 2632 illum
570 2575 606 2633 de
627 2574 784 2650 Propertio
805 2577 947 2633 meritum
968 2592 1032 2633 esse

69 2657 283 2732 existimamus,
306 2676 373 2716 cum
393 2658 617 2732 quaestionibus
639 2658 676 2717 de
695 2657 758 2717 vita
778 2659 809 2714 et
829 2657 947 2733 scriptis
969 2658 1032 2716 eius

69 2841 179 2885 errores
207 2825 345 2884 refellere
374 2827 402 2884 ei
432 2825 573 2900 contigit,
603 2826 668 2882 tum
689 2824 755 2899 ipsa
775 2825 1031 2898 interpretatione.

68 2905 162 2968 Minus
182 2912 286 2969 tamen
308 2909 380 2968 felix
394 2908 475 2967 idem
490 2909 564 2967 mihi
579 2907 700 2983 quidem
714 2907 834 2967 videtur
848 2907 941 2966 fuisse
956 2907 1033 2964 circa

69 2993 256 3054 coniecturas.
282 2993 392 3068 Neque
411 3011 489 3068 nego
511 3011 579 3051 eum
601 2992 697 3050 multo
718 2992 786 3067 plus
800 2991 934 3066 potuisse
948 3009 1031 3065 pree-

69 3077 157 3150 stere‚
178 3079 205 3138 si
225 3081 257 3136 et
276 3077 372 3154 ipsius
386 3075 539 3152 Propertii
553 3074 645 3134 verba
664 3075 830 3135 accuratius
845 3093 933 3150 quam
948 3092 1032 3134 ener-

8 3161 9 3168 ’
68 3163 195 3220 ratarum
206 3162 270 3221 eius
281 3161 469 3237 respexisset,
479 3161 510 3218 et
520 3160 656 3234 exempla
666 3158 798 3234 undique
808 3161 948 3236 eongesta
959 3178 1032 3236 pon-

8 3259 9 3324 j
68 3241 194 3304 durasset
213 3247 310 3322 magis
332 3265 422 3320 quam
442 3245 643 3317 numerasset,
664 3261 720 3302 nec
741 3243 863 3304 lacobos
884 3245 1032 3321 potiusne

69 3323 220 3389 Paldamos
236 3349 326 3405 quam
339 3329 480 3390 Heinsios
496 3332 527 3389 et
538 3327 717 3388 Schraderos
731 3328 763 3386 in
778 3329 934 3388 iudicanda
950 3329 1033 3388 Sexti

68 3409 163 3472 indole
181 3414 269 3474 duces
285 3413 503 3490 assumpsisset.
533 3413 589 3473 Est
608 3412 728 3472 hercule
743 3412 852 3490 dignus
871 3413 919 3472 hio
933 3415 1030 3486 poeta,

8 3495 10 3516 ³
69 3511 151 3566 quem
165 3515 227 3557 non
241 3499 329 3558 modo
345 3517 399 3572 per
411 3494 551 3574 (χήματα
562 3493 720 3560 terrores
731 3493 875 3558 διανοίας
886 3497 1031 3568 interpre-

8 3583 10 3610 Σ
68 3577 134 3640 teris
145 3601 199 3642 uec
213 3582 389 3642 eruditionis
402 3580 606 3656 undecumque
623 3581 733 3655 petitae
753 3580 831 3638 mole
846 3582 878 3635 et
892 3575 1032 3634 diversis-

8 3639 12 3718 l

114 3677 255 3732 Paorraurvs
856 3663 874 3716 b
