2468 4036
8 248 99 316 rra]
444 245 552 300 nana
573 243 595 302 1.
971 242 1013 308 15

59 407 210 473 Possim
233 427 308 493 ego,
331 406 409 490 quin
431 407 540 471 oculos
562 409 692 492 appetat
713 409 769 472 illa
789 431 893 494 meos,
976 422 1011 472 to

8 495 66 558 Et
96 492 216 576 siquid
237 511 386 576 peccasse
406 495 515 577 puter,
538 491 696 576 ducarque
719 494 843 577 capillis

64 576 242 642 Inmerito
263 597 382 660 pronas
404 576 623 660 proripiarque
645 577 724 642 vias.

10 663 110 728 Non
136 681 203 746 ego
224 664 256 725 te
277 661 405 744 pulsare
426 660 536 742 velim,
559 661 631 744 sed,
653 660 776 725 venerit
797 661 857 727 iste

68 746 112 811 Si
138 745 247 828 furor,
270 745 408 828 optarim
428 766 496 808 non
516 743 665 810 habuisse
687 767 816 810 manus:

15 832 103 896 Nec
130 850 232 893 saevo
255 829 299 892 sis
322 831 410 892 casta
430 831 534 916 metu,
556 829 612 894 sed
633 833 740 894 mente
761 830 862 916 fideli3
975 842 1010 894 '15

70 914 218 978 Mutuus
240 913 365 978 absenti
385 915 418 977 te
439 911 519 977 mihi
540 917 645 979 servet
666 936 764 979 amor.

19 1001 93 1080 At,
120 1020 208 1082 quae
229 998 293 1064 fida
313 997 375 1061 brit
396 998 493 1082 nulli,
514 1001 590 1082 post
609 999 694 1063 victa
716 1002 844 1064 senecta

72 1083 186 1148 Ducit
206 1083 300 1166 inops
320 1083 457 1146 tremula
479 1083 616 1164 stamina
635 1087 721 1148 torta
741 1105 838 1148 manu

22 1169 215 1251 Firmaque
236 1167 402 1231 conductis
424 1166 566 1231 adnectit
586 1167 660 1232 licia
680 1169 753 1232 telis

76 1253 265 1335 Tractaque
287 1250 326 1316 de
347 1252 441 1316 niveo
465 1251 579 1317 vellere
601 1251 696 1316 dente
718 1255 821 1337 putat.
976 1265 1010 1316 80

26 1339 137 1402 Hanc
153 1337 263 1400 animo
277 1336 437 1422 gaudente
450 1336 561 1400 vident
573 1336 785 1420 iuvenumque
801 1340 946 1402 catervae
996 1396 998 1399 ,

79 1421 337 1487 Conmemorant
358 1421 471 1485 merito
493 1423 544 1484 tot
564 1422 649 1484 mala
670 1422 753 1486 ferre
776 1444 900 1505 senem,

29 1507 137 1571 Hanc
158 1503 270 1570 Venus
292 1527 331 1569 ex
353 1505 418 1569 alto
440 1505 571 1569 denam
592 1506 737 1570 sublimis
760 1505 897 1590 Olympo

81 1590 219 1674 Spectat
240 1592 272 1654 et
293 1589 400 1653 infidis
422 1610 517 1673 quam
539 1589 582 1653 sit
603 1591 717 1654 acerba
738 1594 857 1654 monet,

33 1677 132 1740 Haec
156 1674 228 1737 aliis
249 1673 418 1737 meledicta
439 1673 569 1738 cadant:
590 1695 668 1758 nos,
690 1673 798 1759 Delia,
822 1674 939 1738 amoris
975 1687 1009 1736 85

83 1759 278 1842 Exemplum
300 1779 381 1823 cana
402 1758 501 1822 simus
522 1761 654 1842 uterque
676 1780 776 1824 coma.

486 1972 566 2049 Vn.

40 2098 140 2163 Hunc
162 2097 303 2164 cecinere
325 2097 410 2162 diem
431 2097 550 2162 Parcae
571 2099 682 2163 fatalia
701 2103 814 2164 nentes

90 2183 248 2265 Stamina,
269 2204 337 2248 non
357 2181 416 2246 ulli
438 2183 642 2249 dissoluenda
663 2183 736 2269 de03

44 2267 142 2331 Hunc
162 2267 247 2349 fore,
269 2267 449 2351 Aquitanas
470 2271 580 2352 posset
601 2269 656 2352 qui
676 2268 809 2333 frmdere
831 2271 958 2355 gentes,

91 2351 189 2427 Quem
210 2352 457 2416 tremeretforti
480 2352 582 2417 milite
605 2354 707 2417 vietus
728 2353 821 2418 Atur.

47 2436 205 2500 Evenere:
228 2457 329 2500 novos
350 2436 451 2519 pubes
472 2437 619 2502 Romana
639 2438 818 2522 triumphos
991 2448 1009 2499 5

93 2520 180 2584 Vidit
200 2522 233 2583 et
254 2521 397 2585 evinctos
419 2521 549 2586 brachia
571 2526 664 2606 capta
684 2523 794 2586 duces:

49 2605 148 2669 Atta
166 2605 313 2669 victrices
334 2605 455 2688 lauros,
478 2605 641 2690 Messalla,
664 2611 828 2691 gerentem

94 2688 240 2754 Portabat
260 2690 362 2754 niveis
384 2711 494 2754 currus
516 2690 655 2754 eburnus
677 2691 775 2774 equis.

52 2773 128 2840 Non
141 2774 204 2838 sine
219 2777 302 2838 mest
315 2773 376 2837 tibi
390 2777 500 2858 partus
514 2773 633 2838 honos:
655 2773 803 2838 Tarbella
815 2774 939 2858 Pyrene

94 2857 192 2922 Testis
213 2861 246 2922 et
268 2858 387 2923 Oceani
408 2860 504 2922 litora
526 2859 723 2942 Sanctonici,
976 2871 1009 2921 10

53 2942 152 3007 Testis
163 2942 244 3005 Arar
253 2943 489 3026 Rhodanusque
501 2943 584 3007 celer
594 2963 791 3028 magnusque
804 2941 964 3026 Garonna,

97 3027 221 3092 Camuti
244 3030 277 3092 et
296 3027 371 3092 flavi
393 3027 518 3092 caerula
539 3027 671 3112 lympha
692 3027 798 3112 Liger.

55 3112 169 3194 Ante,
190 3111 314 3194 Cydne,
337 3134 463 3194 canam,
486 3111 592 3176 tacitis
614 3113 668 3195 qui
690 3112 803 3176 leniter
824 3111 918 3176 undis

98 3196 256 3261 Caeruleus
278 3197 412 3281 placidis
434 3219 492 3281 per
512 3196 593 3260 vada
614 3197 715 3280 serpis
737 3196 844 3280 aquis,

57 3282 188 3358 Quantus
210 3285 242 3345 et
264 3281 405 3346 aetherio
428 3281 617 3367 contingens
639 3281 758 3346 vertice
779 3281 880 3345 nubes
975 3292 1007 3341 1⁶

99 3365 233 3450 Frigidus
256 3367 402 3432 intonsos
424 3365 546 3430 Taurus
568 3367 633 3430 alat
655 3364 793 3432 Cilicas?

60 3449 136 3526 Quid
154 3449 299 3534 referam,
321 3455 358 3516 ut
379 3451 493 3515 volitet
505 3451 630 3514 crebras
651 3452 772 3514 intacta
785 3471 843 3534 per
858 3449 951 3512 urbes

100 3533 174 3600 Alba
192 3534 377 3602 Palaestino
399 3538 509 3600 sancta
532 3535 678 3600 columba
699 3534 793 3619 Syro,
