2444 4056
395 249 609 308 PRAEFATIO.
898 263 990 312 xnus

30 419 105 492 apud
122 416 312 476 Schwabium
332 419 363 474 et
377 417 517 476 Ellisium
538 417 691 478 invenient
710 419 829 478 relatos.
859 419 921 478 Nos
936 437 995 493 pro

28 501 113 560 huius
127 501 275 560 tenuitate
290 501 403 576 ingenii
418 501 542 576 quique,
564 505 598 559 ut
611 501 792 562 Lachmanni
807 503 839 560 in
853 521 885 561 re
900 503 993 562 simili

30 585 120 644 verba
137 581 185 664 [ad
199 585 289 643 Luor.
304 584 329 656 Ι,
347 580 439 662 1069]
463 583 663 656 adhibeamus
678 585 833 644 vaticinari
847 603 902 644 nee
916 586 991 644 didi·

30 669 121 727 cimus
135 686 190 726 neo
205 667 350 742 cupimus,
370 667 448 726 illud
461 668 611 728 monuisse
626 669 757 730 meanti
771 669 891 740 erimus,
911 669 994 744 quod

32 769 94 808 eum
108 752 281 810 Hermanno
301 751 436 827 plerique
457 753 627 812 statuerunt
639 751 776 812 versibus
791 753 827 810 ab
845 755 883 810 ll
898 752 936 810 ad
952 754 991 812 19

31 839 63 891 ut
76 835 189 910 proedo
204 835 384 910 respondere
395 835 428 892 in
440 833 499 893 fine
510 837 624 910 positos
638 836 724 911 quasi
739 835 855 910 epodon
869 837 991 910 59sqq.,

31 919 111 978 nullo
132 918 334 993 videri-paeto
360 919 514 992 probabile
535 921 565 978 et
584 918 706 994 quidem
725 919 764 978 ob
789 937 856 976 eam
875 936 993 977 oausam

33 1002 109 1074 quod
124 1002 252 1060 admissa
265 1001 320 1060 hae
334 1001 479 1060 divisione
493 1002 552 1060 iam
568 1003 687 1077 oportet
699 1003 822 1062 iuvenes
837 1001 909 1060 duas
924 1019 992 1060 oon·

32 1085 161 1144 tinuasse
174 1085 319 1160 strophas,
340 1104 358 1142 a
371 1104 400 1143 v.
413 1085 455 1146 49
470 1085 507 1142 ad
520 1084 619 1158 finem,
634 1086 665 1143 id
680 1086 759 1160 quod
772 1085 858 1146 nobis
872 1084 995 1144 videtur

34 1168 67 1224 ab
82 1169 162 1226 omni
177 1167 372 1227 similitudine
387 1169 451 1227 veri
465 1168 689 1228 alienissimum.
711 1167 850 1228 Ceterum
866 1169 903 1226 ad
916 1168 994 1236 hano

34 1252 237 1325 aequalitatem
248 1253 379 1326 partium
396 1253 535 1312 tuendam
549 1252 670 1327 quidam
684 1255 854 1312 stamerunt
867 1253 936 1327 post
951 1252 990 1309 59

35 1334 171 1397 excidisse
191 1353 285 1394 unum
305 1353 439 1408 versum,
464 1335 496 1393 id
516 1336 636 1411 quidem
654 1354 824 1412 perperam,
851 1335 993 1412 quoniam

36 1420 210 1492 amphorae,
233 1437 308 1494 quae
329 1421 376 1477 est
395 1420 427 1478 in
447 1419 509 1478 illis
518 1437 625 1495 pupae
633 1437 779 1495 maore,
793 1420 880 1494 vigor
895 1418 993 1477 omnia

37 1501 145 1576 deperit
157 1503 315 1562 interiecto
329 1499 411 1562 inter
425 1503 465 1562 59
481 1505 513 1561 et
528 1504 569 1562 60
583 1503 641 1562 alio
655 1503 841 1562 hexametro:
858 1501 909 1560 alii
923 1517 992 1560 oum

36 1583 63 1640 id
82 1587 159 1648 reete
179 1585 409 1661 perspexissent,
432 1585 560 1645 similem
574 1587 710 1646 lacunam
724 1588 793 1662 post
808 1586 847 1646 65
868 1585 992 1659 depren-

37 1667 109 1728 disse
129 1670 185 1729 sibi
205 1669 263 1728 visi
284 1672 362 1742 sunt,
387 1670 438 1728 uhi
458 1672 558 1744 potest
571 1670 692 1745 quidem
707 1670 848 1730 excidisse
862 1668 991 1729 versieu-

38 1750 88 1824 lus‚
109 1771 286 1828 quamquam
307 1757 452 1828 quantum
474 1754 649 1812 adsensum
670 1755 778 1812 attinet
796 1772 834 1811 ne
855 1771 914 1810 una
927 1751 993 1824 qui·

38 1833 99 1892 dem
112 1836 232 1894 literula
247 1835 440 1895 desideratur.
461 1836 524 1894 Nos
539 1855 576 1896 ue
591 1837 624 1894 in
637 1855 670 1896 re
683 1838 797 1894 ineerta
811 1832 995 1908 anquirenda

39 1919 154 1978 nimium
174 1920 364 1981 absumamus
393 1919 538 1993 temporis
567 1920 639 1978 satis
666 1917 841 1976 habebimus
861 1915 994 1974 breviter

40 2003 205 2077 significare,
221 2004 317 2078 qualis
330 2002 417 2061 nobis
433 2002 523 2062 fuisse
537 2002 675 2061 videatur
694 2001 805 2076 integri
820 2000 916 2058 forma
931 2017 993 2057 oar·

39 2086 128 2144 minis.
156 2085 297 2146 Ceterum
318 2086 355 2144 ad
369 2087 573 2160 quaestionem
590 2086 667 2144 hane
679 2084 912 2161 promovendam
926 2083 993 2158 plu·

40 2168 141 2227 rimum
160 2170 300 2228 utilitatis
320 2170 438 2242 afferet,
465 2170 496 2228 id
525 2170 604 2245 quod
632 2171 830 2246 neglexerunt
857 2167 994 2243 plerique

40 2266 147 2325 omnes,
185 2253 321 2327 exempla
351 2253 534 2328 epithalamii
565 2253 767 2328 praecedentis
792 2256 824 2311 et
849 2250 992 2310 similium

40 2336 195 2396 cuminum
214 2336 389 2410 respexisse.
429 2335 533 2410 Itaque
554 2336 636 2395 omni
661 2338 788 2413 pignore
811 2335 993 2393 affirmemus

40 2421 101 2488 post
114 2419 153 2478 31
170 2437 234 2479 esse
248 2420 385 2478 laeenam
400 2420 512 2479 incerto
527 2438 668 2480 versuum
681 2437 820 2490 numero,
842 2419 894 2478 sed
913 2415 994 2475 haud

41 2518 103 2582 sene
116 2521 250 2576 parvam,
265 2503 298 2561 in
311 2523 370 2578 qua
384 2505 515 2579 primum
528 2504 642 2563 mentio
656 2503 735 2562 faeta
749 2504 789 2562 sit
802 2501 928 2577 virginis
943 2499 993 2556 ad·

40 2587 188 2659 venientis,
205 2587 242 2646 de
256 2606 316 2662 qua
329 2587 442 2646 dietum
457 2590 522 2646 erat
535 2607 563 2646 v.
580 2588 600 2645 4
620 2590 681 2647 tom
694 2588 787 2647 ueniet
800 2589 880 2661 oquo
897 2583 947 2660 (ef.
963 2583 996 2640 et

42 2669 83 2739 61,
107 2669 285 2747 77-118).
320 2670 435 2730 Deinde
462 2671 524 2730 sine
546 2671 635 2730 dubio
657 2673 692 2729 ut
710 2671 821 2744 ubique
841 2667 932 2728 simili
947 2683 993 2724 oo-

42 2754 148 2811 eesione
172 2755 290 2813 iuvenis
310 2757 342 2813 et
359 2754 492 2829 puellae,
513 2755 564 2828 qui
585 2754 645 2812 iam
664 2758 750 2813 erant
769 2753 874 2812 inituri
895 2749 995 2809 coniu-

42 2836 125 2910 gium,
136 2839 238 2896 laudes
252 2838 375 2897 fuerunt
385 2837 529 2912 adiectam
545 2838 656 2898 etenim
669 2838 702 2896 in
716 2838 805 2912 frgm.
820 2835 900 2910 quod
914 2832 998 2890 extat

42 2917 71 2974 de
98 2923 224 2996 utroque
252 2939 290 2980 ne
319 2923 444 2982 verbum
469 2921 604 2996 quidem,
631 2921 690 2978 nisi
715 2919 794 2995 quod
819 2920 852 2975 in
876 2917 995 2988 integro

43 3006 173 3074 opusculo
181 3006 363 3065 mentionem
376 3005 536 3064 admodum
546 3004 738 3063 honorificam
751 3001 889 3060 iniectam
903 2999 996 3056 fnisse

43 3089 134 3157 sponsi
153 3093 278 3164 apparet
297 3110 326 3149 v.
342 3091 398 3148 59:
426 3094 458 3148 ot
476 3091 510 3148 tu
528 3105 565 3147 oe
585 3103 691 3162 pupae
710 3104 775 3146 oum
795 3086 863 3145 tuli
877 3086 997 3157 muium

43 3171 121 3243 oirpo.
150 3172 279 3232 Potuere
299 3176 331 3232 et
350 3175 409 3231 alia
432 3172 530 3232 inesse
551 3171 583 3229 in
603 3169 739 3230 versibus
758 3169 898 3246 perditis,
920 3183 996 3243 quae

44 3250 119 3312 facila
133 3256 191 3331 ipsi
208 3259 370 3332 agnoscent
382 3257 520 3316 lectores.

98 3338 211 3398 Deinde
225 3358 381 3399 monemus
396 3344 465 3416 post
483 3339 559 3398 illud
573 3339 722 3414 Hesperus
736 3357 751 3398 e
765 3339 848 3398 nobis
863 3335 997 3407 aequales

45 3418 151 3482 ubsola
168 3440 263 3483 onom
283 3424 425 3484 excidisse
451 3425 544 3483 verba
562 3425 730 3498 puellarum
750 3419 938 3498 quarentium
959 3419 998 3472 da

45 3501 191 3579 iniquitate
210 3508 332 3582 sideris,
359 3511 391 3566 et
411 3527 480 3568 mox
499 3508 641 3568 iuvenum
665 3506 745 3564 idem
765 3500 997 3563 defendentium.
