2468 4036
43 229 158 338 vm]
261 301 264 304 -
396 295 397 298 1
473 263 625 320 1101111.
728 211 734 224 ’
999 261 1038 326 17
1141 272 1144 276 ·

45 426 139 494 Νο0
160 429 266 492 taceat
279 428 487 492 monumenta
500 427 586 509 viae,
610 449 705 511 quem
719 427 857 492 Tuscula
878 429 975 494 tellus

112 511 319 595 Candidaque
342 512 473 595 antiquo
496 511 618 576 detinet
638 511 723 575 Alba
744 512 833 578 Lare.

48 595 219 680 Namque
241 597 355 678 opibus
378 599 533 681 congesta
552 597 617 659 tuis
639 595 692 660 hie
713 597 822 681 glarea
844 597 923 661 dura

111 681 289 762 Sternitur,
310 679 364 744 1110
386 683 460 764 apta
481 681 625 764 iungitur
647 684 714 743 arte
736 682 824 746 silex.
1004 695 1040 745 60

52 765 115 830 Το
140 765 229 828 001111
250 764 406 849 agricola,
429 787 446 828 e
467 786 587 850 magna
609 787 682 829 cum
703 766 826 828 venerit
846 767 926 830 urbe

111 847 210 914 Serus
231 849 423 912 inoffensum
445 850 666 932 rettuleritque
688 850 811 932 pedem.

54 935 115 998 At
137 936 188 1016 tu,
209 931 327 996 natalis
349 934 468 997 multos
491 933 678 998 celebrande
700 955 757 1016 per
779 953 880 998 annos
887 982 898 1020 ,
962 957 964 960 ·

111 1017 288 1084 Candidior
309 1029 434 1101 semper
457 1018 683 1102 candidiorque
705 1019 789 1083 veni.
876 1088 879 1095 ,

502 1231 599 1306 vffl.

58 1355 149 1422 Non
162 1375 187 1440 ν0
211 1376 230 1418 o
253 1354 349 1418 celari
369 1377 515 1438 possum,
538 1354 614 1438 quid
635 1358 732 1420 nutus
755 1357 892 1421 amantis

114 1376 237 1514 Quidve
258 1439 365 1503 ferant
385 1441 456 1504 miti
478 1441 564 1504 lenia
584 1441 682 1504 verba
703 1463 792 1506 sono.

60 1523 143 1590 Nee
163 1523 243 1587 mihi
264 1527 341 1588 sunt
362 1527 462 1588 sortes
483 1545 545 1588 nec
566 1525 695 1588 conscia
715 1525 796 1588 fibra
818 1527 965 1608 deorum,

112 1607 276 1672 Praecinit
298 1611 431 1672 eventus
453 1630 513 1672 nec
534 1607 614 1673 mihi
637 1611 749 1672 cantus
772 1610 852 1673 avis:

62 1693 149 1776 Ipsa
169 1691 278 1756 Venus
301 1692 426 1776 magico
448 1694 619 1778 religatum
641 1691 772 1756 brachie
791 1693 877 1757 nodo
1022 1705 1040 1756 5

112 1777 285 1841 Perdocuit
305 1777 414 1841 multis
436 1798 503 1841 non
525 1777 594 1840 sine
615 1777 809 1842 verberibus.

63 1860 193 1926 Desine
214 1861 429 1925 dissimulare:
451 1861 528 1924 deus
551 1860 709 1925 crudelius
730 1861 810 1944 urit,

114 1943 201 2020 Quos
221 1945 309 2008 videt
330 1945 449 2009 invitos
471 1945 675 2010 succubuisse
698 1945 767 2008 sibi.

64 2029 159 2106 Quid
181 2028 241 2093 tibi
262 2051 348 2093 nunc
370 2030 483 2094 molles
505 2029 637 2113 prodest
658 2029 794 2093 coluisse
816 2029 948 2113 capillos

115 2112 437 2197 Saepeque-mutatas
459 2115 653 2199 disposuisse
676 2135 798 2196 comas,
1007 2127 1040 2176 10

65 2197 157 2274 Quid
178 2197 251 2262 fuco
274 2199 461 2282 splendente
482 2220 581 2283 genas
605 2219 732 2280 ornare,
755 2197 831 2282 quid
853 2219 977 2284 ungues

114 2281 256 2346 Artificis
279 2283 373 2346 docta
395 2283 593 2347 subsecuisse
614 2283 733 2346 manu?

66 2367 204 2432 Frustra
224 2367 290 2430 iam
309 2369 430 2447 restes,
451 2367 571 2431 frustra
592 2371 758 2432 mutantur
780 2369 932 2450 amictus,

113 2451 266 2534 Ansaque
288 2472 477 2534 conpressos
500 2453 632 2536 colligat
653 2455 728 2532 arta
743 2453 849 2536 pedes.

66 2535 135 2600 Illa
155 2535 273 2618 placet,
297 2537 441 2619 quamvis
463 2537 585 2600 inculto
608 2537 731 2601 venerit
753 2558 807 2600 ore
1008 2547 1041 2597 15

114 2619 183 2683 Neo
203 2619 341 2684 nitidum
362 2620 454 2683 tarda
475 2621 648 2704 compserit
669 2625 737 2684 arte
759 2623 864 2703 caput.

67 2704 161 2769 Num
181 2706 214 2768 te
235 2705 444 2786 carminibus,
467 2726 544 2768 num
565 2708 597 2768 te
618 2704 814 2788 pollentibus
835 2702 943 2767 herbis

114 2786 254 2853 Devovit
274 2789 372 2854 tacito
395 2792 539 2873 tempore
560 2789 666 2852 noctis
689 2788 792 2851 anus?

69 2872 196 2938 Cantus
217 2873 330 2937 vicinis
352 2873 462 2958 fruges
483 2873 623 2937 traducit
644 2873 684 2936 ab
707 2871 807 2956 agris,

116 2955 238 3021 Cantus
260 2960 293 3020 et
314 2958 412 3021 iratae
435 2957 558 3021 detinet
580 2957 692 3040 anguis
714 2957 791 3037 iter,
1007 2969 1042 3018 20

70 3040 194 3106 Cantus
216 3044 249 3104 et
270 3063 288 3104 e
310 3063 403 3106 curru
424 3041 549 3105 Lunam
571 3040 724 3104 deducere
746 3043 897 3123 temptat,

114 3124 161 3189 Et
180 3126 313 3207 faceret,
339 3127 367 3190 si
389 3148 456 3190 non
478 3147 551 3189 aera
572 3125 699 3208 repulsa
721 3128 846 3190 sonent.

70 3209 157 3284 Quid
179 3231 294 3294 queror
320 3209 384 3274 heu
404 3211 521 3274 misero
551 3209 869 3357 carmenhnqcui‘sse,
899 3209 976 3294 quid

550 3319 553 3324 ·
705 3316 739 3358 er
762 3317 812 3358 as.

114 3377 232 3442 Forma
252 3378 334 3443 nihil
355 3379 489 3463 magieis
511 3380 612 3443 utitur
633 3380 775 3443 auxiliis:

70 3462 135 3528 Sed
158 3483 272 3546 corpus
294 3464 439 3548 tetigisse
460 3468 569 3546 nocet,
594 3464 649 3527 sed
671 3464 769 3548 longa
791 3463 915 3526 dedisse
1006 3471 1041 3521 25

116 3546 233 3611 Oscula
239 3597 248 3629 ‚
272 3548 327 3612 sed
348 3549 462 3612 femori
485 3549 683 3612 conseruisse
703 3549 816 3610 femur.

123 3647 249 3691 Tavum.
871 3650 887 3696 2
