2444 4056
190 271 275 320 nxv1
563 258 778 317 PRAEFATIO.

189 430 382 504 optinetur
403 425 576 502 spondeo.
620 426 761 486 Alterum
780 427 881 486 locum
901 426 1044 503 dignitate
1063 443 1144 487 oecu-
1212 455 1213 472 2

187 513 272 588 pavit
284 512 551 588 hephthemimeres
568 511 630 570 sive
645 511 898 586 semiseptenaria.

406 637 698 661 ..........
713 605 932 672 reem

313 696 468 756 infandum
483 696 587 771 regina
601 695 686 752 iubes
706 690 710 772 Ι
729 712 874 754 11111111
889 695 1031 755 dolorem.

187 797 261 855 Eius
281 800 380 856 autem
401 800 471 856 sunt
490 796 656 870 complures
677 795 804 869 speeies,
828 795 977 872 elegantia
993 799 1090 856 1111111
1103 795 1142 853 di·

188 899 291 942 versae
305 881 384 941 illae.
416 881 531 956 Quippe
546 879 618 938 satis
633 897 759 937 amoena
774 875 901 953 ducitur,
918 897 986 938 cum
1000 883 1050 938 aut
1062 881 1143 954 quin-

185 968 237 1025 tus
258 967 385 1040 semipes
404 965 495 1023 etiam
514 963 607 1022 verbo
627 961 732 1021 finitur
755 959 876 1039 (nempe
901 966 971 1038 post
991 962 1144 1040 septimum

186 1047 272 1108 finite
286 1045 456 1124 sententia),
473 1048 525 1105 aut
537 1049 607 1121 post
620 1047 745 1106 tertium
760 1045 867 1105 saltem
881 1047 1022 1106 inciditur
1036 1047 1142 1118 orati03

185 1152 246 1206 quo
262 1133 340 1190 facto
355 1131 505 1190 auxiliaris
523 1131 619 1189 oritur
638 1147 759 1188 caesura
773 1131 821 1190 cui
831 1149 941 1191 nomen
955 1131 1144 1191 111111θωί111-

188 1217 229 1274 ris
245 1215 306 1275 sive
322 1215 543 1274 semiternariee

273 1317 373 1375 oscula
387 1315 490 1376 libavit
503 1318 606 1392 natae;
626 1311 632 1393 Ι
652 1315 757 1374 dehine
771 1315 844 1374 talia
857 1315 947 1374 fatur.

273 1400 436 1474 despiciens
456 1395 460 1478 1
479 1418 562 1458 mare
575 1399 739 1459 velivolum
758 1393 763 1478 Ι
781 1403 935 1475 terrasque
949 1400 1084 1460 iacentes.

189 1499 249 1560 Sed
264 1501 352 1577 louge
367 1499 579 1560 usitatissimus
595 1501 673 1558 solet
691 1518 756 1559 csse
770 1500 797 1558 is
811 1499 950 1560 modulus
964 1501 1141 1576 hephthemi·

188 1584 289 1658 meris,
312 1602 379 1642 cum
400 1583 500 1642 addita
519 1583 729 1642 trithemimeri
750 1584 841 1642 etiam
860 1587 930 1658 post
950 1585 1071 1644 tertium
1084 1587 1142 1643 111-

188 1667 311 1726 chaeum
325 1687 383 1727 vox
395 1667 514 1726 finitur:

259 1813 261 1823 ,
292 1752 447 1811 infandum
466 1747 471 1831 Ι
490 1753 594 1827 repieta
608 1751 692 1811 iubes
712 1747 716 1830 Ι
735 1767 880 1810 11111111
895 1751 1037 1810 dolorem.

189 1835 427 1896 Trithemimcris
442 1836 467 1897 si
481 1836 567 1910 absit,
579 1835 632 1893 ubi
645 1838 746 1894 tamen
759 1836 850 1894 tertio
865 1835 1005 1894 trochaeo
1019 1833 1143 1895 cluditur

188 1923 325 1994 verbum,
346 1920 506 1997 diligenter
525 1919 698 1992 cavendum,
719 1921 755 1977 ut
772 1937 825 1994 pes
846 1919 992 1978 1111111111
1006 1937 1073 1980 eum
1085 1922 1142 1978 tro·

189 2005 277 2063 chaeo
292 2005 374 2063 tertii
391 2023 451 2062 uno
466 2006 582 2063 constat
595 2003 740 2063 vocabulo
755 2005 790 2060 ut
803 2005 877 2078 pute

229 2088 342 2145 labitur
355 2088 552 2159 mambrae
566 2089 696 2148 tremens
715 2081 721 2165 Ι
740 2085 909 2162 procumbit
922 2087 1005 2150 humi
1020 2089 1083 2148 bos.

188 2186 231 2245 At
249 2187 339 2263 longe
359 2185 536 2246 detemimus
558 2205 671 2260 versae,
692 2188 745 2248 tali
759 2188 910 2248 suessione
925 2189 951 2248 si
966 2189 1057 2248 etiam
1070 2188 1143 2248 alter

187 2270 342 2330 trochaeus
356 2271 445 2345 plena
459 2269 600 2330 orationis
614 2273 700 2346 parte
713 2272 908 2346 contineatur,
923 2274 958 2330 ut

230 2373 289 2412 una
302 2354 455 2428 namque
469 2353 618 2429 Notusque
632 2358 724 2414 ruunt
741 2350 746 2434 Ι
765 2355 926 2431 creberque
941 2357 1088 2431 procellis.

187 2438 293 2496 Paullo
313 2439 411 2497 minus
431 2439 538 2496 durum
557 2442 697 2512 metrum,
717 2439 836 2498 excluso
851 2439 920 2498 sede
934 2439 1029 2498 altera
1043 2443 1074 2502 et
1086 2443 1141 2499 ter-

185 2523 230 2580 tia
244 2522 381 2580 trochaeo
395 2523 448 2580 ubi
462 2523 536 2580 item
551 2523 666 2582 exsulat
678 2523 919 2584 trithemimeris:

272 2606 344 2665 haec
359 2606 429 2664 dum
444 2606 594 2666 Dardanio
608 2607 728 2666 Aeneae
747 2601 752 2686 Ι
771 2607 906 2666 miranda
919 2607 1068 2667 videntur.

184 2689 293 2766 Itaque
321 2691 579 2764 semiseptenariae
614 2691 725 2766 species
754 2708 880 2750 evenere
910 2709 961 2750 sex
989 2711 1062 2766 quas
1091 2689 1142 2748 sub

178 2775 280 2834 'unum
300 2773 360 2833 iam
381 2774 457 2833 debe
477 2778 682 2849 conspectum,
697 2792 732 2833 co
752 2774 874 2849 quidem
888 2773 1007 2847 ordine,
1023 2777 1058 2834 ut
1072 2789 1142 2850 quae

183 2860 384 2936 elegantiores
398 2861 547 2935 ponantur
560 2858 674 2934 priores

228 2943 382 3004 infandum
401 2939 405 3023 Ι
424 2945 530 3019 rapine
542 2943 627 3002 iubes
646 2938 650 3022 Ι
669 2960 813 3002 renouare
827 2941 972 3001 dolorem.

229 3027 329 3084 oscula
342 3028 444 3087 libauit
457 3030 553 3087 natae.
573 3022 579 3106 Ι
598 3027 703 3086 dehinc
716 3026 788 3086 talia
803 3026 891 3084 111111.

228 3108 393 3183 despiciens
412 3106 416 3187 Ι
436 3130 517 3170 mere
531 3112 695 3171 velivolum
738 3113 893 3185 terrasque
907 3110 1048 3170 iacentes.

227 3191 339 3250 labitur
353 3195 548 3266 amoenaque
563 3197 694 3254 tremens
737 3193 907 3267 procumbit
920 3193 1003 3251 humi
1018 3194 1083 3253 bos.

226 3275 298 3334 haec
313 3274 384 3334 dnm
399 3274 550 3334 Dardanio
565 3277 693 3349 Aeneae,
709 3276 844 3334 miranda
858 3277 1006 3336 uidentur.

226 3377 286 3418 una
300 3359 454 3432 aurasque
467 3358 619 3432 Notusque
633 3362 726 3420 ruunt
744 3355 748 3436 Ι
768 3359 928 3434 creberque
942 3361 1091 3435 procellis.

181 3443 463 3502 Praestantissimus
484 3443 610 3516 quisque
630 3442 832 3500 Romanorum
852 3444 1037 3503 versificator
1050 3444 1143 3518 primo

183 3527 373 3598 potissimum
392 3528 424 3585 et
444 3524 572 3584 secundo
593 3525 641 3583 vel
663 3525 822 3599 aliquando
846 3527 937 3584 tertio
963 3525 1146 3601 hephthemi·
