2444 4056
451 169 666 230 PRAEFATIO.
923 180 1040 228 xxxln

75 339 97 397 si
113 337 319 397 retinerentur
331 336 363 396 iu
378 353 467 395 carm.
484 339 524 396 65
542 338 633 397 nimis
652 338 803 398 retardare
818 338 960 398 cratonis
975 355 1040 396 cur·

75 442 152 492 snm,
170 421 258 480 obliti
270 423 340 479 sunt
353 421 399 478 illi
415 422 528 480 similes
539 422 730 496 parentheses
742 427 772 482 et
784 423 855 482 alibi
867 425 898 482 et
911 421 1040 482 maxime

75 508 105 564 in
127 505 223 580 elegis
239 503 350 564 Catulli
374 522 526 564 occurrere
548 507 724 581 complures.
753 506 915 566 Iltiniectc
928 525 1040 564 memo·

75 591 119 648 n'a
136 587 256 660 fratris,
278 587 361 648 cuius
382 588 463 648 omni
479 589 630 648 occasione
646 607 713 648 cum
727 587 855 649 maxima
868 591 979 666 pietate
994 606 1041 648 ce·

75 673 209 730 lebravit
227 673 415 744 memoriam,
436 690 505 730 oum
524 673 625 748 paullo
644 673 764 750 longius
779 673 928 734 aberrasse
944 674 981 732 ab
994 689 1040 731 ar·

77 759 222 832 gumento
245 755 383 814 carminis
403 755 475 830 quid
495 755 614 816 hercule
634 756 690 816 hoc
718 757 783 816 loco
810 758 906 834 magis
931 757 1042 816 mirum

78 859 167 915 quam
181 840 215 898 in
230 857 254 898 c.
272 841 311 898 68
329 835 698 919 [19-26.89-100]?
729 839 857 900 Omnino
877 841 1042 900 notandum

78 927 214 982 cantores
235 921 436 998 Euphorionis
455 922 665 984 Alexandrinis
684 925 781 1000 poetis
803 925 958 984 obsecutos
977 925 1042 982 lon·

78 1010 176 1085 giores
193 1006 391 1084 digressiones
407 1007 479 1065 adeo
493 1025 554 1066 non
568 1007 771 1082 reformidare,
787 1011 821 1068 ut
839 1008 939 1084 potius
954 1007 1043 1066 vehe-

78 1095 196 1150 menter
214 1091 350 1166 probent.
381 1091 499 1150 Similes
519 1091 561 1152 eis
583 1095 723 1168 exparte
743 1092 874 1168 Augusti
893 1093 1041 1167 aequales.

80 1175 124 1236 cf.
148 1175 214 1234 Cat.
237 1175 291 1248 65,
314 1175 464 1249 19-243
486 1176 541 1248 68,
565 1177 742 1236 109-118
764 1173 815 1252 (ne
836 1176 872 1234 de
890 1175 1043 1234 Ariadnae

81 1259 213 1335 episodio
229 1259 260 1318 ln
274 1258 387 1336 epyllia
407 1257 539 1317 eiusdem
560 1256 681 1338 dicam),
696 1277 751 1320 nec
761 1261 859 1320 minus
872 1259 984 1319 Tibulli
999 1259 1042 1331 H,

81 1343 272 1417 bffi-ffi

143 1426 284 1486 Ceterum
305 1429 429 1502 apparet
446 1446 474 1487 v.
491 1429 520 1500 9,
541 1427 719 1504 ubicumque
738 1433 867 1505 ponatur
880 1447 941 1488 non
954 1445 1043 1504 posse

82 1511 218 1586 intellegi
237 1513 332 1584 recte,
353 1511 411 1570 nisi
432 1514 597 1572 statuemus
612 1513 757 1588 quaedam
771 1517 839 1572 ante
854 1531 922 1571 eum
937 1512 1044 1571 lacuna

84 1615 144 1654 esse
158 1595 274 1668 hausta,
290 1612 357 1652 curn
372 1595 409 1652 ad
423 1595 453 1652 id
465 1595 545 1671 quod
555 1599 602 1654 est
615 1597 747 1670 allegem
758 1615 853 1672 neque
868 1596 1042 1656 adverbium

83 1697 242 1752 mmccccm
253 1697 288 1737 ex
298 1679 441 1753 proximis
456 1681 523 1754 apte
538 1679 634 1755 possit
644 1680 785 1756 suppleri,
801 1683 832 1738 ct
843 1680 941 1738 minus
951 1680 1043 1736 etiam

84 1763 154 1822 illud
175 1762 329 1834 laefatte
353 1763 520 1836 loquentem.
571 1762 667 1831 Quare
694 1781 747 1821 suo
768 1763 834 1820 inre
860 1762 931 1820 fecit
950 1761 1043 1818 Lach-

84 1845 324 1920 mannns,·qnod
344 1848 414 1921 post
435 1865 464 1906 u.
487 1847 505 1904 8
526 1845 670 1920 quaedam
692 1843 832 1904 excidisse
853 1844 1043 1912 existimavit.

88 1930 161 2000 Quos
182 1929 293 1989 illaad
314 1929 455 1988 damnum
475 1928 531 1988 hoc
550 1927 769 1988 resarciendum
790 1945 826 1986 ex
846 1928 912 1988 aliis
933 1925 1044 1986 Catulli

87 2015 261 2072 carminibus
282 2013 455 2090 adsumptos
475 2011 589 2071 addidit
607 2011 676 2071 huie
695 2013 761 2072 loco
782 2031 900 2085 versus,
926 2012 1045 2071 etiamsi

86 2098 212 2172 recipere
232 2097 265 2156 in
285 2097 419 2156 ordinem
433 2097 593 2156 verborum
608 2115 710 2156 sumus
724 2095 821 2171 vent,
842 2100 928 2172 aptos
942 2099 1044 2156 tamen

90 2197 149 2240 esse
161 2181 284 2240 minime
297 2199 451 2256 negamus.

146 2265 184 2324 ib.
197 2268 215 2325 9
230 2264 311 2337 sacto
325 2264 391 2322 add.
406 2265 485 2324 Itali.

145 2349 185 2408 ib.
202 2349 336 2408 19-24.
362 2349 447 2407 Hanc
460 2352 577 2425 partem
591 2349 756 2410 rectissimo
767 2349 877 2409 iudicio
891 2367 962 2408 usus
977 2367 1045 2406 cum

90 2430 271 2492 Lachmanno
297 2436 328 2490 et
347 2433 497 2508 plerisque
523 2434 751 2492 continuandam
777 2436 841 2492 esse
865 2433 959 2508 priori
986 2435 1045 2490 sta-

91 2517 144 2574 tuit
164 2517 333 2583 Schwabius
353 2521 466 2592 quaest.
489 2515 552 2576 cat.
568 2535 618 2594 pg.
636 2518 706 2576 273.
732 2515 870 2596 Videnda
882 2534 956 2592 quae
972 2515 1044 2573 diri·

91 2617 151 2660 nins
165 2602 201 2659 ad
214 2621 244 2661 v.
260 2603 289 2660 9.

149 2687 197 2758 66,
214 2687 233 2744 6
248 2687 336 2754 aerio,
351 2685 388 2743 cf.
403 2685 496 2761 praef.
511 2685 584 2744 Hor.
600 2703 651 2761 pg.
666 2685 730 2744 XX.
780 2667 789 2684 ’

148 2770 187 2828 ib.
204 2771 221 2828 7
237 2772 271 2829 tu
285 2769 395 2830 lwmioe
409 2769 543 2842 Vossius,
558 2773 679 2828 nomiae
691 2769 772 2827 libri.

148 2854 187 2912 ib.
205 2855 222 2912 9
239 2855 349 2913 mactis
360 2852 518 2928 Hauptius,
533 2855 632 2912 maltis
647 2852 729 2926 cdd.;
752 2853 871 2914 ccccm
884 2849 962 2924 Itali,
979 2852 1049 2911 dca-

90 2952 152 2995 rcm
165 2936 202 2995 V.

17 3029 18 3032 ’
149 3022 189 3079 ib.
207 3023 246 3082 16
259 3023 345 3082 solata
358 3021 498 3098 Heysius.

148 3105 187 3164 lb.
205 3107 243 3163 21
260 3124 301 3166 on
315 3105 394 3180 Itali,
410 3110 441 3166 ot
455 3104 521 3162 cdd.

148 3189 188 3248 ib.
199 3191 238 3248 23
250 3209 340 3263 quom
347 3189 501 3249 Bentleius
509 3186 620 3266 (fuerat
631 3189 694 3248 sine
708 3190 797 3250 dubio
809 3186 896 3265 com),
904 3206 968 3248 cum
981 3185 1050 3243 cdd.

150 3273 189 3331 ib.
205 3274 245 3332 46
255 3291 391 3347 peperere
404 3273 483 3345 Itali,
493 3289 616 3348 propere
630 3273 694 3332 cdd.

149 3357 189 3416 ib.
205 3359 245 3416 48
263 3356 413 3432 Chalybon
426 3357 601 3431 Politianus,
617 3359 729 3419 celitusm
743 3355 781 3414 V.

17 3455 18 3458 ’
81 3495 102 3532 ,ἦ
151 3441 190 3500 ib.
206 3443 246 3502 53
261 3443 441 3502 uidentibus
454 3441 618 3516 Bentleius,
634 3442 808 3500 amantibus
823 3437 888 3496 cdd.
