2486 4010
60 239 128 309 ιη]
468 237 576 290 naua
596 237 631 293 v
966 231 1026 295 107

97 399 265 484 Cepheam
285 398 339 464 hio
360 399 494 464 Meroen
514 399 666 482 fuscaque
687 421 704 462 r

59 483 117 548 Hic
139 485 261 553 referat
282 505 352 548 sero
375 483 558 548 confessum
578 483 706 548 foedere
705 403 918 550 el'marthuml’

99 568 287 632 ‘'Reddat
261 589 355 652 sigua
375 567 478 650 Remi,
500 589 576 632 mox
597 567 717 632 dabit
707 587 776 650 rpse
798 589 871 632 sua:
992 580 1026 630 80

61 650 130 715 Sive
154 652 279 749 aliquid
300 652 462 748 pharetris
480 653 646 736 Augustus
668 655 779 736 parcet
799 651 888 734 Eois,

98 735 267 800 Differat
258 757 293 799 ιιι
314 757 430 820 pueros
452 736 514 800 ista
534 740 667 819 tropaea
688 757 772 800 suos.

61 818 178 903 Gaude,
202 819 325 903 Crasse,
348 821 457 905 nigras
480 820 585 903 siquid
606 820 692 904 sapis
714 820 797 884 inter
818 819 967 884 harenas:

98 903 149 969 Ire
171 925 230 988 per
250 867 450 1002 Euphraten
462 905 502 968 ad
520 909 577 968 tua
596 904 691 968 busta
712 905 809 968 licet!

62 986 109 1052 Sic
130 991 262 1052 noctem
282 991 401 1072 patera,
424 988 471 1054 sic
492 989 606 1052 ducam
629 989 778 1073 carmine,
801 987 902 1053 donec
991 997 1025 1049 85

100 1071 217 1138 Iniciet
237 1073 376 1138 radios
366 1095 401 1137 m
422 1094 494 1137 mea
515 1073 591 1136 vina
612 1072 689 1137 dies

501 1287 582 1362 VH.

65 1345 140 1474 Sunt
125 1411 229 1494 taliq
228 1408 283 1474 uid
304 1409 433 1475 Manes.
456 1411 557 1475 letum
577 1432 646 1474 nou
661 1411 770 1474 omnia
790 1410 872 1493 finit,

16 1569 17 1574 γ
101 1432 281 1578 luridaque
303 1494 423 1558 evictus
446 1495 559 1591 effugit
544 1495 693 1559 tumbra
713 1515 820 1576 rogos

66 1577 198 1660 Cynthia
219 1600 358 1662 namquo
378 1600 450 1643 meo
473 1579 574 1642 visast
594 1577 778 1641 incumbere
799 1576 918 1674 fulcro,

16 1669 17 1722 ξ
101 1661 247 1727 Murmur
269 1663 310 1727 ad
331 1666 491 1727 extremae
511 1682 614 1758 nuper
634 1660 766 1724 humata
786 1660 871 1741 viae,

16 1763 17 1800 3
66 1742 141 1811 Cum
160 1747 242 1811 mihi
264 1769 394 1812 somnus
416 1745 456 1811 ab
479 1746 619 1830 exequiis
640 1745 795 1841 penderet
816 1743 943 1826 amorir,
1008 1756 1025 1805 o

102 1830 145 1895 Et
166 1852 316 1914 quererer
337 1832 413 1896 lecti
435 1830 554 1914 frigida
574 1851 675 1914 regna
695 1828 769 1894 mei.

15 1955 16 1964 ι
67 1913 201 1980 Eosdem
222 1915 336 1979 habuit
357 1937 475 1999 secum,
498 1915 613 2011 quibus
634 1917 685 1978 est
706 1912 799 1996 elata,
820 1910 966 2008 capillos,

15 1991 16 2066 l
68 1999 243 2146 EEosdem
264 2000 392 2064 oculos·
414 1965 507 2063 lateri
528 1998 626 2062 vestis
649 1997 761 2060 adusta
781 1961 859 2082 duit,

68 2081 257 2148 litsolitum
280 2084 311 2148 di
339 2085 382 2147 to
404 2083 552 2166 beryllon
572 2081 752 2146 adederat
742 2081 845 2166 rgnis‚

104 2167 293 2252 Summaque
312 2107 471 2232 lethaeus
492 2168 625 2231 triverat
646 2186 703 2229 ora
724 2165 748 2229 li
750 2186 840 2249 quor.
993 2176 1026 2228 10

69 2250 282 2336 spirantisque
304 2253 429 2316 animos
452 2254 484 2316 et
504 2272 615 2315 vocem
636 2250 740 2315 misit:
750 2188 797 2313 qat
818 2250 867 2314 illi

104 2336 279 2402 Pollicibus
300 2337 465 2434 fragiles
454 2357 640 2421 increpuere
660 2357 791 2400 manus·

70 2419 197 2485 Perfida
217 2443 278 2486 nea
300 2422 447 2519 cuiquam
466 2421 580 2486 melior
601 2420 756 2504 sperande
777 2420 943 2503 puellae,

105 2503 143 2570 In
162 2505 281 2569 teiam
303 2505 385 2570 vires
408 2528 539 2571 somnus
553 2504 671 2569 habere
692 2504 820 2587 potest?
915 2505 923 2510 ’

71 2586 170 2654 Iamne
191 2589 253 2654 tibi
275 2588 461 2654 exciderunt
481 2589 626 2687 vigilacis
648 2589 734 2651 furta
755 2586 896 2650 Suburae
993 2597 1026 2648 1⁶

106 2674 148 2738 Et
134 2678 240 2738 tmea
260 2673 426 2739 nocturnis
448 2673 525 2736 trita
545 2671 686 2734 fenestra
708 2669 812 2732 dolis?

15 2819 16 2830 ,
71 2754 125 2822 Per
145 2779 240 2841 quam
261 2759 399 2823 demisso
422 2757 569 2840 quotiens
590 2755 653 2818 tibi
673 2754 750 2816 fune
771 2751 918 2837 pependi,

109 2842 240 2906 Alterna
261 2843 392 2906 veniens
415 2842 451 2905 in
471 2844 528 2904 tua
549 2839 633 2904 colla
653 2838 765 2902 manu!
854 2900 857 2910 ,

72 2923 163 3010 Saepe
188 2926 297 2990 Venus
318 2926 414 2989 trivio
438 2925 637 3006 conmissast,
658 2925 787 3006 pectore
809 2920 909 2985 mixto

108 3011 261 3075 Fecenmt
281 3010 406 3093 tepidas
427 3009 525 3104 pallia
545 2973 657 3072 nostia
677 3007 756 3072 viae.
992 3016 1027 3069 20

15 3092 211 3158 Foederis
233 3093 297 3158 heu
317 3095 424 3176 taciti,
447 3115 535 3156 curus
557 3091 684 3155 fallacia
705 3089 803 3154 verba

15 3161 16 3210 i
109 3178 181 3242 Non
202 3177 342 3241 audituri
363 3143 521 3273 diripuere
543 3176 633 3241 Noti.

73 3263 113 3326 Αι
125 3261 202 3326 mihi
215 3284 284 3325 non
298 3262 407 3328 oculos
423 3261 591 3345 quisquam
605 3258 789 3323 inclamavit
810 3259 931 3324 euntis·

110 3347 214 3412 Vnum
235 3347 446 3443 impetrassem
467 3350 500 3410 te
521 3347 691 3411 revocante
714 3343 812 3408 diem:

75 3429 135 3495 Nec
155 3430 277 3514 crepuit
297 3430 372 3494 fissa
392 3452 444 3493 me
465 3433 597 3516 propter
618 3428 795 3493 harundine
818 3432 935 3511 custos,
993 3438 1027 3489 25

15 3573 16 3578 ,
113 3515 270 3580 haesitet
292 3511 452 3580 obiectum
473 3516 583 3600 tegula
605 3517 695 3579 curta
718 3517 822 3596 caput.

1051 1403 1056 1414 ’
1092 1401 1119 1458 ι
