2486 4010
198 161 243 227 90
589 161 784 220 rsornaru
1061 157 1200 228 [rxnr.

307 324 444 414 Volgari
464 326 550 391 buxo
573 324 702 390 sordida
723 343 795 390 oera
815 323 887 387 fuit.

266 413 518 495 Qualesoumque
539 408 620 476 mibi
642 430 766 492 semper
787 427 934 472 mansere
956 405 1086 490 fideles,

216 507 250 559 10
307 496 439 580 Semper
460 498 493 558 ei
515 495 645 560 effeetus
667 513 869 578 promeruere
890 490 1004 555 bonos.

264 579 414 646 Forsitan
435 579 514 645 haee
535 579 600 643 illis
622 578 742 642 fuerint
761 576 914 641 mandata
934 574 1079 640 labellis:

308 663 462 748 irascor,
486 661 664 760 quoniam's
685 661 786 745 lente,
807 662 949 726 moratus
970 658 1050 722 heri.

264 749 320 814 An
340 749 401 813 ribi
422 768 613 831 nescioquae
634 747 735 812 visast
754 744 946 812 formosior?
970 765 1012 808 an
1032 745 1071 806 tu

309 833 386 898 Non
407 833 487 898 bene
509 832 549 896 de
569 831 664 896 nobis
687 831 821 895 erimina
841 829 916 895 ficia
936 827 1054 892 iacis?’

217 931 251 981 15
265 918 334 982 Aul
354 916 448 981 dixli:
472 915 591 981 ‘venies
612 914 723 998 hodio,
746 914 940 980 cessabimus
960 933 1039 976 una:

307 1001 494 1085 Hospilium
515 1003 584 1064 boia
605 1003 700 1066 nocie
721 999 849 1084 parabit
869 999 996 1078 Amor,'

266 1085 312 1151 ut
332 1106 547 1170 quaecumque
567 1084 679 1150 volens
699 1084 819 1181 reperit
838 1104 906 1149 non
928 1082 1025 1146 stultu
1045 1081 1183 1168 puella,

309 1169 444 1234 Gorrula
465 1191 538 1234 eum
558 1167 685 1232 blandis
707 1167 823 1232 dieitur
846 1165 927 1232 hora
947 1165 1038 1230 dolis.

266 1253 320 1320 Me
341 1254 492 1316 miserum
528 1253 580 1318 his
602 1252 716 1336 aliquis
737 1251 896 1317 rationem
922 1250 1034 1316 scribit
1054 1271 1181 1316 avarus

216 1351 252 1400 20
307 1337 352 1402 Ei
371 1337 465 1422 ponii
486 1302 581 1400 <iuras
602 1336 688 1400 inter
709 1335 938 1434 ephemeridas.

267 1421 352 1498 Quas
374 1421 474 1505 siquis
495 1419 576 1486 mihi
596 1421 770 1504 rettulerit,
795 1421 966 1487 donabitur
987 1440 1077 1484 auro.

310 1505 388 1582 Quis
410 1527 469 1590 pro
491 1504 610 1570 divitiis
632 1505 723 1590 ligna
743 1507 868 1571 relenta
889 1503 987 1572 velit?

266 1590 284 1658 I
327 1612 384 1654 uer
420 1592 453 1654 ei
474 1590 556 1656 citus
577 1589 656 1655 haee
678 1590 784 1674 aliqua
804 1610 862 1674 pro
886 1611 947 1654 one
969 1588 1139 1673 columna,

339 1678 354 1740 t
375 1639 539 1741 ‹iominum
560 1673 714 1759 Esquiliis
736 1675 839 1740 scribe
860 1613 1004 1740 lubitum
1024 1675 1131 1740 buum.

609 1813 762 1824 -—-—-

609 1888 760 1964 ΧΧΠΠ.

140 2037 163 2078 a
268 2011 395 2078 Falsast
414 2013 478 2076 ista
497 2013 587 2096 inae,
610 2011 736 2094 mulier,
758 2011 874 2078 fiducia
894 2012 1030 2094 formae,

313 2095 399 2160 Olim
421 2096 522 2161 oculis
543 2096 679 2160 nimium
700 2097 785 2161 faula
806 2097 942 2180 superba
962 2096 1052 2160 meis.

268 2179 389 2245 Noster
409 2202 499 2244 amor
519 2181 599 2246 iales
620 2181 733 2244 tribuit
753 2181 828 2264 bibi,
852 2179 1005 2265 Cynthia,
1028 2178 1160 2244 laudosa

312 2261 466 2327 Versibus
488 2265 649 2348 insignem
669 2268 702 2328 ’oe
724 2265 822 2350 pudet
843 2287 911 2330 esse
932 2265 1021 2330 meis.

240 2345 408 2411 sMixiam
429 2349 462 2408 ie
481 2349 569 2411 varia
589 2348 716 2413 laudavi
737 2371 830 2435 saepe
849 2350 965 2434 ligna,

313 2429 373 2510 Vi,
396 2429 481 2514 quod
502 2451 570 2495 non
591 2452 692 2514 esses,
716 2455 785 2498 esse
806 2437 935 2518 putaret
956 2454 1063 2517 amor,
1233 2441 1234 2524 l

269 2515 315 2581 Et
335 2515 424 2580 eolor
445 2517 495 2579 esi
514 2515 633 2580 totiens
654 2536 747 2582 roseo
769 2519 903 2584 eollaius
924 2517 994 2583 Eoo
1000 2567 1009 2602 ,
1233 2525 1234 2574 l

314 2599 395 2665 Oum
417 2600 477 2664 tibi
498 2600 659 2685 quaesitus
682 2603 800 2667 candor
820 2603 855 2668 in
877 2623 931 2667 ore
952 2603 1050 2666 foret:

271 2683 364 2761 Quod
385 2684 465 2748 mihi
486 2707 553 2749 non
574 2686 669 2769 patrii
690 2689 840 2770 poterant
861 2691 1002 2752 averbere
1024 2685 1134 2768 amici,

223 2781 257 2832 10
312 2769 429 2833 Eluere
452 2771 507 2833 aut
527 2774 617 2834 vasio
640 2770 793 2835 Thessala
814 2793 890 2857 saga
911 2771 1000 2835 mari.

270 2852 360 2918 Haeo
383 2874 457 2938 ego,
479 2874 547 2916 non
567 2854 669 2940 ferro,
691 2876 758 2920 non
778 2856 854 2940 igne
877 2859 1018 2938 ooaoius,
1047 2856 1079 2918 ei
1100 2853 1174 2936 ipsa

311 2937 496 3023 Naufragus
517 2938 566 3000 Ae
590 2960 646 3002 aea
666 2961 742 3004 vera
761 2939 886 3004 fatebar
908 2962 998 3024 aqua.

271 3021 444 3107 correptus
467 3043 559 3088 saevo
613 3024 715 3088 eneris
736 3026 880 3090 torrebar
902 3023 1021 3088 aheno:

312 3106 449 3172 Vinctus
472 3129 559 3172 eram
580 3129 687 3174 versas
709 3109 743 3173 in
765 3131 837 3174 mea
857 3113 949 3194 terga
970 3127 1092 3172 manus.

222 3203 255 3254 15
269 3189 354 3255 ane
377 3195 548 3256 coronatae
569 3195 698 3276 portum
718 3195 853 3290 tetigere
876 3194 1017 3276 carinae,

313 3273 477 3339 Traiectus
500 3277 624 3362 Syrtes,
647 3299 763 3342 ancora
784 3282 868 3342 raaia
889 3277 1009 3342 mihist.

269 3359 365 3425 Nune
387 3358 514 3422 demum
534 3363 625 3425 vasio
647 3362 725 3426 fessi
745 3363 960 3447 resipiscimus
982 3364 1087 3444 aestu,

313 3441 514 3525 Volneraque
537 3443 577 3508 ad
599 3465 712 3509 sanum
732 3468 818 3512 nuno
841 3447 943 3512 ooiere
964 3467 1044 3510 mea.
