<?xml version="1.0" encoding="UTF-8"?>
<!DOCTYPE html PUBLIC "-//W3C//DTD XHTML 1.0 Transitional//EN"
    "http://www.w3.org/TR/xhtml1/DTD/xhtml1-transitional.dtd">
<html xmlns="http://www.w3.org/1999/xhtml" xml:lang="en" lang="en">
 <head>
  <title>
</title>
<meta http-equiv="Content-Type" content="text/html;charset=utf-8" />
  <meta name='ocr-system' content='tesseract 3.04.00' />
  <meta name='ocr-capabilities' content='ocr_page ocr_carea ocr_par ocr_line ocrx_word'/>
</head>
<body>
  <div class='ocr_page' id='page_1' title='image "./catvllitibvllip00priagoog_0314.png"; bbox 0 0 2464 4020; ppageno 0'>
   <div class='ocr_carea' id='block_1_1' title="bbox 212 259 1180 336">
    <p class='ocr_par' dir='ltr' id='par_1_1' title="bbox 212 259 1180 336">
     <span class='ocr_line' id='line_1_1' title="bbox 212 259 1180 336; baseline -0.004 -10"><span class='ocrx_word' id='word_1_1' title='bbox 212 259 255 326; x_wconf 81' lang='grc'>04</span> <span class='ocrx_word' id='word_1_2' title='bbox 560 319 562 324; x_wconf 81' lang='grc'><strong>,</strong></span> <span class='ocrx_word' id='word_1_3' title='bbox 621 265 765 320; x_wconf 72' lang='lat' dir='ltr'>navum</span> <span class='ocrx_word' id='word_1_4' title='bbox 1128 267 1180 336; x_wconf 75' lang='lat' dir='ltr'>[vi</span> 
     </span>
    </p>
   </div>
   <div class='ocr_carea' id='block_1_2' title="bbox 230 427 1215 1756">
    <p class='ocr_par' dir='ltr' id='par_1_2' title="bbox 230 427 1215 1756">
     <span class='ocr_line' id='line_1_2' title="bbox 245 427 1150 512; baseline 0 -21"><span class='ocrx_word' id='word_1_5' title='bbox 245 427 338 493; x_wconf 80' lang='lat' dir='ltr'>ollle</span> <span class='ocrx_word' id='word_1_6' title='bbox 359 427 487 512; x_wconf 91' lang='lat' dir='ltr'>quidem</span> <span class='ocrx_word' id='word_1_7' title='bbox 508 427 643 492; x_wconf 87' lang='lat' dir='ltr'>ornandi</span> <span class='ocrx_word' id='word_1_8' title='bbox 665 448 775 492; x_wconf 80' lang='lat' dir='ltr'><strong>causas</strong></span> <span class='ocrx_word' id='word_1_9' title='bbox 797 427 871 510; x_wconf 86' lang='lat' dir='ltr'>tibi,</span> <span class='ocrx_word' id='word_1_10' title='bbox 896 428 980 512; x_wconf 86' lang='lat' dir='ltr'>diva,</span> <span class='ocrx_word' id='word_1_11' title='bbox 1002 429 1150 512; x_wconf 84' lang='lat' dir='ltr'>relegat:</span> 
     </span>
     <span class='ocr_line' id='line_1_3' title="bbox 319 510 1028 595; baseline -0.003 -17"><span class='ocrx_word' id='word_1_12' title='bbox 319 511 381 578; x_wconf 84' lang='lat' dir='ltr'>llst</span> <span class='ocrx_word' id='word_1_13' title='bbox 401 515 525 595; x_wconf 84' lang='lat' dir='ltr'>tamen,</span> <span class='ocrx_word' id='word_1_14' title='bbox 547 510 671 577; x_wconf 91' lang='lat' dir='ltr'>occulte</span> <span class='ocrx_word' id='word_1_15' title='bbox 693 511 743 576; x_wconf 90' lang='lat' dir='ltr'>cui</span> <span class='ocrx_word' id='word_1_16' title='bbox 765 511 921 595; x_wconf 79' lang='lat' dir='ltr'>placuisse</span> <span class='ocrx_word' id='word_1_17' title='bbox 942 511 1028 576; x_wconf 83' lang='lat' dir='ltr'>velit.</span> 
     </span>
     <span class='ocr_line' id='line_1_4' title="bbox 277 593 1215 682; baseline 0 -22"><span class='ocrx_word' id='word_1_18' title='bbox 277 597 324 660; x_wconf 74' lang='lat' dir='ltr'>Aa</span> <span class='ocrx_word' id='word_1_19' title='bbox 343 599 394 682; x_wconf 84' lang='lat' dir='ltr'>tu,</span> <span class='ocrx_word' id='word_1_20' title='bbox 417 599 542 680; x_wconf 86' lang='lat' dir='ltr'>sancta,</span> <span class='ocrx_word' id='word_1_21' title='bbox 564 595 652 680; x_wconf 84' lang='lat' dir='ltr'>fave,</span> <span class='ocrx_word' id='word_1_22' title='bbox 674 596 808 679; x_wconf 88' lang='lat' dir='ltr'>neuquis</span> <span class='ocrx_word' id='word_1_23' title='bbox 830 595 962 660; x_wconf 88' lang='lat' dir='ltr'>divellat</span> <span class='ocrx_word' id='word_1_24' title='bbox 982 601 1149 678; x_wconf 85' lang='lat' dir='ltr'>amantes,</span> <span class='ocrx_word' id='word_1_25' title='bbox 1214 593 1215 600; x_wconf 63' lang='lat'><em>&#39;</em></span> 
     </span>
     <span class='ocr_line' id='line_1_5' title="bbox 320 679 1015 764; baseline -0.001 -18"><span class='ocrx_word' id='word_1_26' title='bbox 320 679 383 746; x_wconf 86' lang='lat' dir='ltr'>Sed</span> <span class='ocrx_word' id='word_1_27' title='bbox 404 681 511 746; x_wconf 83' lang='lat' dir='ltr'>iuveni</span> <span class='ocrx_word' id='word_1_28' title='bbox 533 701 650 763; x_wconf 80' lang='lat' dir='ltr'>quaeso</span> <span class='ocrx_word' id='word_1_29' title='bbox 673 682 784 744; x_wconf 84' lang='lat' dir='ltr'>mutua</span> <span class='ocrx_word' id='word_1_30' title='bbox 804 680 909 744; x_wconf 84' lang='lat' dir='ltr'>vincla</span> <span class='ocrx_word' id='word_1_31' title='bbox 929 702 1015 764; x_wconf 88' lang='lat' dir='ltr'>para.</span> 
     </span>
     <span class='ocr_line' id='line_1_6' title="bbox 278 763 1046 849; baseline -0.004 -19"><span class='ocrx_word' id='word_1_32' title='bbox 278 764 332 830; x_wconf 87' lang='lat' dir='ltr'>Sic</span> <span class='ocrx_word' id='word_1_33' title='bbox 352 766 433 832; x_wconf 90' lang='lat' dir='ltr'>bene</span> <span class='ocrx_word' id='word_1_34' title='bbox 446 767 633 849; x_wconf 63' lang='lat' dir='ltr'>&#39;conponesz</span> <span class='ocrx_word' id='word_1_35' title='bbox 654 763 738 829; x_wconf 76' lang='lat' dir='ltr'>ullae</span> <span class='ocrx_word' id='word_1_36' title='bbox 759 784 826 828; x_wconf 90' lang='lat' dir='ltr'>non</span> <span class='ocrx_word' id='word_1_37' title='bbox 846 764 901 828; x_wconf 90' lang='lat' dir='ltr'>ille</span> <span class='ocrx_word' id='word_1_38' title='bbox 922 765 1046 848; x_wconf 88' lang='lat' dir='ltr'>puellae</span> 
     </span>
     <span class='ocr_line' id='line_1_7' title="bbox 230 848 1013 932; baseline 0.003 -21"><span class='ocrx_word' id='word_1_39' title='bbox 230 863 263 911; x_wconf 86' lang='lat'>10</span> <span class='ocrx_word' id='word_1_40' title='bbox 320 849 443 916; x_wconf 71' lang='lat' dir='ltr'>Sewire</span> <span class='ocrx_word' id='word_1_41' title='bbox 466 852 521 914; x_wconf 84' lang='lat' dir='ltr'>aut</span> <span class='ocrx_word' id='word_1_42' title='bbox 541 849 688 932; x_wconf 75' lang='lat' dir='ltr'><strong>cuiquam</strong></span> <span class='ocrx_word' id='word_1_43' title='bbox 710 848 837 932; x_wconf 82' lang='lat' dir='ltr'><strong>dignior</strong></span> <span class='ocrx_word' id='word_1_44' title='bbox 858 848 914 911; x_wconf 86' lang='lat' dir='ltr'>ille</span> <span class='ocrx_word' id='word_1_45' title='bbox 935 849 1013 914; x_wconf 81' lang='lat' dir='ltr'>viro.</span> 
     </span>
     <span class='ocr_line' id='line_1_8' title="bbox 278 932 1148 1017; baseline -0.003 -18"><span class='ocrx_word' id='word_1_46' title='bbox 278 933 348 999; x_wconf 87' lang='lat' dir='ltr'>Nee</span> <span class='ocrx_word' id='word_1_47' title='bbox 392 935 472 999; x_wconf 88' lang='lat' dir='ltr'>ossit</span> <span class='ocrx_word' id='word_1_48' title='bbox 493 932 624 1017; x_wconf 87' lang='lat' dir='ltr'>cupidos</span> <span class='ocrx_word' id='word_1_49' title='bbox 646 933 677 996; x_wconf 89' lang='lat' dir='ltr'>vi</span> <span class='ocrx_word' id='word_1_50' title='bbox 704 933 783 996; x_wconf 88' lang='lat' dir='ltr'>&#39;ans</span> <span class='ocrx_word' id='word_1_51' title='bbox 806 932 998 1016; x_wconf 82' lang='lat' dir='ltr'>deprendere</span> <span class='ocrx_word' id='word_1_52' title='bbox 1022 935 1148 1015; x_wconf 88' lang='lat' dir='ltr'>custos,</span> 
     </span>
     <span class='ocr_line' id='line_1_9' title="bbox 321 1016 1037 1101; baseline -0.003 -19"><span class='ocrx_word' id='word_1_53' title='bbox 321 1017 348 1082; x_wconf 77' lang='lat' dir='ltr'>F</span> <span class='ocrx_word' id='word_1_54' title='bbox 393 1018 527 1101; x_wconf 91' lang='lat' dir='ltr'>endique</span> <span class='ocrx_word' id='word_1_55' title='bbox 549 1017 616 1081; x_wconf 85' lang='lat' dir='ltr'>vias</span> <span class='ocrx_word' id='word_1_56' title='bbox 637 1017 681 1081; x_wconf 90' lang='lat' dir='ltr'>m&#39;</span> <span class='ocrx_word' id='word_1_57' title='bbox 708 1016 907 1081; x_wconf 81' lang='lat' dir='ltr'>eministret</span> <span class='ocrx_word' id='word_1_58' title='bbox 927 1017 1037 1082; x_wconf 75' lang='lat' dir='ltr'>Amor,</span> 
     </span>
     <span class='ocr_line' id='line_1_10' title="bbox 282 1100 1038 1186; baseline -0.001 -21"><span class='ocrx_word' id='word_1_59' title='bbox 282 1101 398 1166; x_wconf 80' lang='lat' dir='ltr'>Adnue</span> <span class='ocrx_word' id='word_1_60' title='bbox 419 1122 639 1186; x_wconf 85' lang='lat' dir='ltr'>purpureaque</span> <span class='ocrx_word' id='word_1_61' title='bbox 660 1101 734 1165; x_wconf 89' lang='lat' dir='ltr'>veni</span> <span class='ocrx_word' id='word_1_62' title='bbox 754 1100 916 1184; x_wconf 83' lang='lat' dir='ltr'>perlucida</span> <span class='ocrx_word' id='word_1_63' title='bbox 937 1102 1038 1184; x_wconf 88' lang='lat' dir='ltr'>palla:</span> 
     </span>
     <span class='ocr_line' id='line_1_11' title="bbox 323 1183 1037 1268; baseline 0.003 -21"><span class='ocrx_word' id='word_1_64' title='bbox 323 1183 386 1248; x_wconf 81' lang='lat' dir='ltr'>Ter</span> <span class='ocrx_word' id='word_1_65' title='bbox 407 1187 466 1250; x_wconf 92' lang='lat' dir='ltr'>tibi</span> <span class='ocrx_word' id='word_1_66' title='bbox 487 1186 524 1248; x_wconf 89' lang='lat' dir='ltr'>fit</span> <span class='ocrx_word' id='word_1_67' title='bbox 545 1186 626 1268; x_wconf 89' lang='lat' dir='ltr'>libo,</span> <span class='ocrx_word' id='word_1_68' title='bbox 649 1188 712 1268; x_wconf 89' lang='lat' dir='ltr'>ter,</span> <span class='ocrx_word' id='word_1_69' title='bbox 735 1184 794 1248; x_wconf 90' lang='lat' dir='ltr'>dea</span> <span class='ocrx_word' id='word_1_70' title='bbox 815 1188 916 1268; x_wconf 82' lang='lat' dir='ltr'>casta,</span> <span class='ocrx_word' id='word_1_71' title='bbox 938 1207 1037 1250; x_wconf 89' lang='lat' dir='ltr'>mero.</span> 
     </span>
     <span class='ocr_line' id='line_1_12' title="bbox 232 1266 1107 1353; baseline 0.007 -25"><span class='ocrx_word' id='word_1_72' title='bbox 232 1281 263 1330; x_wconf 74' lang='lat'>15</span> <span class='ocrx_word' id='word_1_73' title='bbox 277 1266 455 1352; x_wconf 78' lang='lat' dir='ltr'>Praecipiet</span> <span class='ocrx_word' id='word_1_74' title='bbox 475 1271 569 1332; x_wconf 89' lang='lat' dir='ltr'>natae</span> <span class='ocrx_word' id='word_1_75' title='bbox 591 1273 692 1333; x_wconf 88' lang='lat' dir='ltr'>mater</span> <span class='ocrx_word' id='word_1_76' title='bbox 714 1269 868 1351; x_wconf 86' lang='lat' dir='ltr'>studiose,</span> <span class='ocrx_word' id='word_1_77' title='bbox 892 1269 976 1352; x_wconf 93' lang='lat' dir='ltr'>quod</span> <span class='ocrx_word' id='word_1_78' title='bbox 997 1272 1107 1353; x_wconf 88' lang='lat' dir='ltr'>optet:</span> 
     </span>
     <span class='ocr_line' id='line_1_13' title="bbox 324 1351 1063 1439; baseline 0.001 -24"><span class='ocrx_word' id='word_1_79' title='bbox 324 1351 385 1415; x_wconf 87' lang='lat' dir='ltr'>Illa</span> <span class='ocrx_word' id='word_1_80' title='bbox 406 1351 492 1416; x_wconf 89' lang='lat' dir='ltr'>aliud</span> <span class='ocrx_word' id='word_1_81' title='bbox 513 1353 627 1437; x_wconf 82' lang='lat' dir='ltr'>tacite,</span> <span class='ocrx_word' id='word_1_82' title='bbox 649 1355 713 1417; x_wconf 84' lang='lat' dir='ltr'>iem</span> <span class='ocrx_word' id='word_1_83' title='bbox 735 1375 807 1436; x_wconf 87' lang='lat' dir='ltr'>sua,</span> <span class='ocrx_word' id='word_1_84' title='bbox 830 1355 937 1416; x_wconf 82' lang='lat' dir='ltr'>mente</span> <span class='ocrx_word' id='word_1_85' title='bbox 959 1355 1063 1439; x_wconf 78' lang='lat' dir='ltr'>rogat</span> 
     </span>
     <span class='ocr_line' id='line_1_14' title="bbox 281 1434 1038 1520; baseline 0.003 -20"><span class='ocrx_word' id='word_1_86' title='bbox 281 1434 406 1519; x_wconf 86' lang='lat' dir='ltr'>Vritur,</span> <span class='ocrx_word' id='word_1_87' title='bbox 430 1440 467 1500; x_wconf 87' lang='lat' dir='ltr'>ut</span> <span class='ocrx_word' id='word_1_88' title='bbox 488 1436 605 1501; x_wconf 82' lang='lat' dir='ltr'>celeres</span> <span class='ocrx_word' id='word_1_89' title='bbox 627 1441 724 1501; x_wconf 87' lang='lat' dir='ltr'>urunt</span> <span class='ocrx_word' id='word_1_90' title='bbox 745 1437 857 1502; x_wconf 78' lang='lat' dir='ltr'>altaria</span> <span class='ocrx_word' id='word_1_91' title='bbox 877 1436 1038 1520; x_wconf 79' lang='lat' dir='ltr'>flammae,</span> 
     </span>
     <span class='ocr_line' id='line_1_15' title="bbox 322 1518 1032 1604; baseline 0.001 -19"><span class='ocrx_word' id='word_1_92' title='bbox 322 1518 407 1604; x_wconf 88' lang='lat' dir='ltr'>Neo,</span> <span class='ocrx_word' id='word_1_93' title='bbox 430 1521 525 1586; x_wconf 86' lang='lat' dir='ltr'>liceat</span> <span class='ocrx_word' id='word_1_94' title='bbox 546 1522 704 1604; x_wconf 86' lang='lat' dir='ltr'>quemvis,</span> <span class='ocrx_word' id='word_1_95' title='bbox 728 1543 805 1585; x_wconf 87' lang='lat' dir='ltr'>sana</span> <span class='ocrx_word' id='word_1_96' title='bbox 825 1520 923 1584; x_wconf 86' lang='lat' dir='ltr'>fuisse</span> <span class='ocrx_word' id='word_1_97' title='bbox 945 1521 1032 1586; x_wconf 82' lang='lat' dir='ltr'>velit.</span> 
     </span>
     <span class='ocr_line' id='line_1_16' title="bbox 283 1604 1169 1691; baseline 0 -21"><span class='ocrx_word' id='word_1_98' title='bbox 283 1604 332 1670; x_wconf 86' lang='lat' dir='ltr'>Sit</span> <span class='ocrx_word' id='word_1_99' title='bbox 354 1605 460 1670; x_wconf 87' lang='lat' dir='ltr'>iuveni</span> <span class='ocrx_word' id='word_1_100' title='bbox 483 1610 626 1691; x_wconf 74' lang='lat' dir='ltr'>gratum:</span> <span class='ocrx_word' id='word_1_101' title='bbox 648 1606 755 1670; x_wconf 86' lang='lat' dir='ltr'>veniet</span> <span class='ocrx_word' id='word_1_102' title='bbox 776 1627 848 1670; x_wconf 91' lang='lat' dir='ltr'>oum</span> <span class='ocrx_word' id='word_1_103' title='bbox 870 1605 1032 1688; x_wconf 84' lang='lat' dir='ltr'>proximus</span> <span class='ocrx_word' id='word_1_104' title='bbox 1054 1627 1169 1689; x_wconf 83' lang='lat' dir='ltr'>annus,</span> 
     </span>
     <span class='ocr_line' id='line_1_17' title="bbox 232 1687 1017 1756; baseline 0.003 -4"><span class='ocrx_word' id='word_1_105' title='bbox 232 1687 1017 1756; x_wconf 53' lang='lat' dir='ltr'>wfflmfflmmfflm.</span> 
     </span>
    </p>
   </div>
   <div class='ocr_carea' id='block_1_3' title="bbox 599 1877 801 1890">
    <p class='ocr_par' dir='ltr' id='par_1_3' title="bbox 599 1877 801 1890">
     <span class='ocr_line' id='line_1_18' title="bbox 599 1877 801 1890; baseline -0.005 -2"><span class='ocrx_word' id='word_1_106' title='bbox 599 1877 801 1890; x_wconf 57' lang='lat' dir='ltr'>,nun—a·-</span> 
     </span>
    </p>
   </div>
   <div class='ocr_carea' id='block_1_4' title="bbox 598 2008 806 2222">
    <p class='ocr_par' dir='ltr' id='par_1_4' title="bbox 598 2008 806 2222">
     <span class='ocr_line' id='line_1_19' title="bbox 598 2008 806 2075; baseline 0 0"><span class='ocrx_word' id='word_1_107' title='bbox 598 2008 806 2075; x_wconf 82' lang='lat' dir='ltr'><strong>SVLPICIA.</strong></span> 
     </span>
     <span class='ocr_line' id='line_1_20' title="bbox 660 2147 739 2222; baseline 0.025 -2"><span class='ocrx_word' id='word_1_108' title='bbox 660 2147 739 2222; x_wconf 88' lang='lat' dir='ltr'>VH.</span> 
     </span>
    </p>
   </div>
   <div class='ocr_carea' id='block_1_5' title="bbox 251 2269 1109 2775">
    <p class='ocr_par' dir='ltr' id='par_1_5' title="bbox 251 2269 1109 2775">
     <span class='ocr_line' id='line_1_21' title="bbox 282 2269 1082 2356; baseline 0.001 -22"><span class='ocrx_word' id='word_1_109' title='bbox 282 2269 425 2334; x_wconf 80' lang='lat' dir='ltr'>Tandem</span> <span class='ocrx_word' id='word_1_110' title='bbox 447 2270 536 2336; x_wconf 86' lang='lat' dir='ltr'>venit</span> <span class='ocrx_word' id='word_1_111' title='bbox 558 2292 661 2335; x_wconf 87' lang='lat' dir='ltr'>amor:</span> <span class='ocrx_word' id='word_1_112' title='bbox 684 2269 809 2354; x_wconf 87' lang='lat' dir='ltr'>qualem</span> <span class='ocrx_word' id='word_1_113' title='bbox 831 2271 948 2335; x_wconf 84' lang='lat' dir='ltr'>texisse</span> <span class='ocrx_word' id='word_1_114' title='bbox 969 2271 1082 2356; x_wconf 86' lang='lat' dir='ltr'>pudori</span> 
     </span>
     <span class='ocr_line' id='line_1_22' title="bbox 326 2353 1106 2441; baseline 0.005 -25"><span class='ocrx_word' id='word_1_115' title='bbox 326 2353 428 2429; x_wconf 76' lang='lat' dir='ltr'>Quem</span> <span class='ocrx_word' id='word_1_116' title='bbox 449 2353 586 2418; x_wconf 89' lang='lat' dir='ltr'>nudasse</span> <span class='ocrx_word' id='word_1_117' title='bbox 608 2355 705 2419; x_wconf 80' lang='lat' dir='ltr'>alicui</span> <span class='ocrx_word' id='word_1_118' title='bbox 724 2356 766 2418; x_wconf 88' lang='lat' dir='ltr'>sit</span> <span class='ocrx_word' id='word_1_119' title='bbox 787 2354 867 2420; x_wconf 91' lang='lat' dir='ltr'><strong>mihi</strong></span> <span class='ocrx_word' id='word_1_120' title='bbox 887 2355 974 2419; x_wconf 80' lang='lat' dir='ltr'>ferna</span> <span class='ocrx_word' id='word_1_121' title='bbox 994 2358 1106 2441; x_wconf 83' lang='lat' dir='ltr'>magis.</span> 
     </span>
     <span class='ocr_line' id='line_1_23' title="bbox 282 2437 988 2522; baseline 0.001 -19"><span class='ocrx_word' id='word_1_122' title='bbox 282 2437 424 2503; x_wconf 81' lang='lat' dir='ltr'>Exorata</span> <span class='ocrx_word' id='word_1_123' title='bbox 444 2438 524 2501; x_wconf 88' lang='lat' dir='ltr'>meis</span> <span class='ocrx_word' id='word_1_124' title='bbox 546 2437 637 2502; x_wconf 87' lang='lat' dir='ltr'>illum</span> <span class='ocrx_word' id='word_1_125' title='bbox 660 2438 818 2522; x_wconf 79' lang='lat' dir='ltr'>Cytherea</span> <span class='ocrx_word' id='word_1_126' title='bbox 839 2438 988 2505; x_wconf 75' lang='lat' dir='ltr'>Camenis</span> 
     </span>
     <span class='ocr_line' id='line_1_24' title="bbox 325 2522 1034 2607; baseline 0.004 -21"><span class='ocrx_word' id='word_1_127' title='bbox 325 2522 446 2586; x_wconf 87' lang='lat' dir='ltr'>Attulit</span> <span class='ocrx_word' id='word_1_128' title='bbox 467 2522 502 2585; x_wconf 90' lang='lat' dir='ltr'>in</span> <span class='ocrx_word' id='word_1_129' title='bbox 522 2523 668 2586; x_wconf 83' lang='lat' dir='ltr'>nostrum</span> <span class='ocrx_word' id='word_1_130' title='bbox 690 2523 897 2607; x_wconf 69' lang='lat' dir='ltr'>deposuitque</span> <span class='ocrx_word' id='word_1_131' title='bbox 919 2525 1034 2589; x_wconf 88' lang='lat' dir='ltr'>sinum.</span> 
     </span>
     <span class='ocr_line' id='line_1_25' title="bbox 251 2604 1109 2693; baseline 0.006 -24"><span class='ocrx_word' id='word_1_132' title='bbox 251 2605 414 2672; x_wconf 79' lang='lat' dir='ltr'>oExolvit</span> <span class='ocrx_word' id='word_1_133' title='bbox 430 2605 591 2690; x_wconf 75' lang='lat' dir='ltr'>&#39;promisse</span> <span class='ocrx_word' id='word_1_134' title='bbox 611 2604 737 2672; x_wconf 85' lang='lat' dir='ltr'>Venus:</span> <span class='ocrx_word' id='word_1_135' title='bbox 760 2629 831 2672; x_wconf 82' lang='lat' dir='ltr'>mea</span> <span class='ocrx_word' id='word_1_136' title='bbox 850 2607 967 2693; x_wconf 82' lang='lat' dir='ltr'>gaudia</span> <span class='ocrx_word' id='word_1_137' title='bbox 989 2612 1109 2690; x_wconf 76' lang='lat' dir='ltr'>narret,</span> 
     </span>
     <span class='ocr_line' id='line_1_26' title="bbox 327 2689 926 2775; baseline 0.007 -21"><span class='ocrx_word' id='word_1_138' title='bbox 327 2689 461 2756; x_wconf 76' lang='lat' dir='ltr'>Dicetur</span> <span class='ocrx_word' id='word_1_139' title='bbox 483 2692 582 2775; x_wconf 89' lang='lat' dir='ltr'>siquis</span> <span class='ocrx_word' id='word_1_140' title='bbox 603 2712 671 2756; x_wconf 90' lang='lat' dir='ltr'>non</span> <span class='ocrx_word' id='word_1_141' title='bbox 691 2691 840 2757; x_wconf 84' lang='lat' dir='ltr'>habuisse</span> <span class='ocrx_word' id='word_1_142' title='bbox 862 2714 926 2758; x_wconf 87' lang='lat' dir='ltr'>sua.</span> 
     </span>
    </p>
   </div>
   <div class='ocr_carea' id='block_1_6' title="bbox 285 2773 1126 2947">
    <p class='ocr_par' dir='ltr' id='par_1_6' title="bbox 285 2773 1126 2947">
     <span class='ocr_line' id='line_1_27' title="bbox 285 2773 1124 2862; baseline -0.004 -20"><span class='ocrx_word' id='word_1_143' title='bbox 285 2773 362 2842; x_wconf 90' lang='lat' dir='ltr'>Non</span> <span class='ocrx_word' id='word_1_144' title='bbox 384 2797 401 2840; x_wconf 92' lang='lat' dir='ltr'>e</span> <span class='ocrx_word' id='word_1_145' title='bbox 423 2798 445 2840; x_wconf 97' lang='lat' dir='ltr'>o</span> <span class='ocrx_word' id='word_1_146' title='bbox 468 2776 604 2862; x_wconf 81' lang='lat' dir='ltr'>signatis</span> <span class='ocrx_word' id='word_1_147' title='bbox 626 2777 794 2860; x_wconf 78' lang='lat' dir='ltr'>quicquam</span> <span class='ocrx_word' id='word_1_148' title='bbox 814 2776 964 2842; x_wconf 87' lang='lat' dir='ltr'>mandare</span> <span class='ocrx_word' id='word_1_149' title='bbox 985 2776 1124 2859; x_wconf 86' lang='lat' dir='ltr'>tabellis,</span> 
     </span>
     <span class='ocr_line' id='line_1_28' title="bbox 328 2798 1126 2947; baseline 0 -21"><span class='ocrx_word' id='word_1_150' title='bbox 328 2859 378 2926; x_wconf 92' lang='lat' dir='ltr'>Ne</span> <span class='ocrx_word' id='word_1_151' title='bbox 401 2798 489 2947; x_wconf 68' lang='lat' dir='ltr'>llrgat</span> <span class='ocrx_word' id='word_1_152' title='bbox 509 2861 542 2924; x_wconf 93' lang='lat' dir='ltr'>id</span> <span class='ocrx_word' id='word_1_153' title='bbox 562 2881 658 2926; x_wconf 91' lang='lat' dir='ltr'>nemo</span> <span class='ocrx_word' id='word_1_154' title='bbox 680 2882 775 2944; x_wconf 88' lang='lat' dir='ltr'>quam</span> <span class='ocrx_word' id='word_1_155' title='bbox 796 2883 885 2926; x_wconf 90' lang='lat' dir='ltr'>meus</span> <span class='ocrx_word' id='word_1_156' title='bbox 907 2865 997 2944; x_wconf 84' lang='lat' dir='ltr'>ente,</span> <span class='ocrx_word' id='word_1_157' title='bbox 1018 2860 1126 2944; x_wconf 86' lang='lat' dir='ltr'>velim,</span> 
     </span>
    </p>
   </div>
   <div class='ocr_carea' id='block_1_7' title="bbox 237 2945 1093 3115">
    <p class='ocr_par' dir='ltr' id='par_1_7' title="bbox 237 2945 1093 3115">
     <span class='ocr_line' id='line_1_29' title="bbox 285 2945 1093 3031; baseline -0.002 -20"><span class='ocrx_word' id='word_1_158' title='bbox 285 2945 348 3011; x_wconf 82' lang='lat' dir='ltr'>Sed</span> <span class='ocrx_word' id='word_1_159' title='bbox 370 2967 516 3029; x_wconf 85' lang='lat' dir='ltr'>peccasse</span> <span class='ocrx_word' id='word_1_160' title='bbox 539 2946 640 3027; x_wconf 85' lang='lat' dir='ltr'>iuvet,</span> <span class='ocrx_word' id='word_1_161' title='bbox 663 2945 767 3009; x_wconf 76' lang='lat' dir='ltr'>voltus</span> <span class='ocrx_word' id='word_1_162' title='bbox 791 2966 969 3031; x_wconf 83' lang='lat' dir='ltr'>conponere</span> <span class='ocrx_word' id='word_1_163' title='bbox 991 2945 1093 3010; x_wconf 84' lang='lat' dir='ltr'>famae</span> 
     </span>
     <span class='ocr_line' id='line_1_30' title="bbox 237 3029 1031 3115; baseline 0.004 -24"><span class='ocrx_word' id='word_1_164' title='bbox 237 3042 270 3091; x_wconf 92' lang='lat'>10</span> <span class='ocrx_word' id='word_1_165' title='bbox 326 3030 461 3096; x_wconf 79' lang='lat' dir='ltr'>Taedet:</span> <span class='ocrx_word' id='word_1_166' title='bbox 484 3053 555 3096; x_wconf 87' lang='lat' dir='ltr'>curn</span> <span class='ocrx_word' id='word_1_167' title='bbox 579 3030 677 3115; x_wconf 86' lang='lat' dir='ltr'>digno</span> <span class='ocrx_word' id='word_1_168' title='bbox 700 3029 798 3114; x_wconf 82' lang='lat' dir='ltr'>digne</span> <span class='ocrx_word' id='word_1_169' title='bbox 819 3030 1031 3094; x_wconf 81' lang='lat' dir='ltr'>fuisse&#39;ferar.</span> 
     </span>
    </p>
   </div>
   <div class='ocr_carea' id='block_1_8' title="bbox 627 3159 779 3171">
    <p class='ocr_par' dir='ltr' id='par_1_8' title="bbox 627 3159 779 3171">
     <span class='ocr_line' id='line_1_31' title="bbox 627 3159 779 3171; baseline -0.013 0"><span class='ocrx_word' id='word_1_170' title='bbox 627 3159 779 3171; x_wconf 73' lang='grc' dir='ltr'>-ι--ι-</span> 
     </span>
    </p>
   </div>
   <div class='ocr_carea' id='block_1_9' title="bbox 658 3243 755 3318">
    <p class='ocr_par' dir='ltr' id='par_1_9' title="bbox 658 3243 755 3318">
     <span class='ocr_line' id='line_1_32' title="bbox 658 3243 755 3318; baseline 0.01 -1"><span class='ocrx_word' id='word_1_171' title='bbox 658 3243 755 3318; x_wconf 84' lang='lat' dir='ltr'>Vlll.</span> 
     </span>
    </p>
   </div>
   <div class='ocr_carea' id='block_1_10' title="bbox 285 3371 1175 3628">
    <p class='ocr_par' dir='ltr' id='par_1_10' title="bbox 285 3371 1175 3628">
     <span class='ocr_line' id='line_1_33' title="bbox 285 3371 1015 3459; baseline 0.008 -24"><span class='ocrx_word' id='word_1_172' title='bbox 285 3371 411 3436; x_wconf 88' lang='lat' dir='ltr'>Invisus</span> <span class='ocrx_word' id='word_1_173' title='bbox 434 3374 549 3436; x_wconf 81' lang='lat' dir='ltr'>natulis</span> <span class='ocrx_word' id='word_1_174' title='bbox 571 3373 675 3458; x_wconf 87' lang='lat' dir='ltr'>adest,</span> <span class='ocrx_word' id='word_1_175' title='bbox 698 3377 753 3459; x_wconf 90' lang='lat' dir='ltr'>qui</span> <span class='ocrx_word' id='word_1_176' title='bbox 773 3397 846 3440; x_wconf 85' lang='lat' dir='ltr'>rure</span> <span class='ocrx_word' id='word_1_177' title='bbox 868 3377 1015 3441; x_wconf 89' lang='lat' dir='ltr'>molesto·</span> 
     </span>
     <span class='ocr_line' id='line_1_34' title="bbox 329 3455 1019 3544; baseline 0.01 -26"><span class='ocrx_word' id='word_1_178' title='bbox 329 3455 374 3518; x_wconf 82' lang='grc'>111</span> <span class='ocrx_word' id='word_1_179' title='bbox 395 3456 463 3519; x_wconf 89' lang='lat' dir='ltr'>sine</span> <span class='ocrx_word' id='word_1_180' title='bbox 487 3455 639 3520; x_wconf 79' lang='lat' dir='ltr'>Cerintho</span> <span class='ocrx_word' id='word_1_181' title='bbox 661 3459 762 3522; x_wconf 86' lang='lat' dir='ltr'>tristis</span> <span class='ocrx_word' id='word_1_182' title='bbox 785 3459 927 3544; x_wconf 82' lang='lat' dir='ltr'>agendus</span> <span class='ocrx_word' id='word_1_183' title='bbox 950 3461 1019 3526; x_wconf 86' lang='lat' dir='ltr'>erit.</span> 
     </span>
     <span class='ocr_line' id='line_1_35' title="bbox 287 3536 1175 3628; baseline 0.01 -27"><span class='ocrx_word' id='word_1_184' title='bbox 287 3536 419 3602; x_wconf 88' lang='lat' dir='ltr'>Dulcius</span> <span class='ocrx_word' id='word_1_185' title='bbox 441 3539 518 3602; x_wconf 89' lang='lat' dir='ltr'>urbe</span> <span class='ocrx_word' id='word_1_186' title='bbox 542 3540 618 3623; x_wconf 90' lang='lat' dir='ltr'>quid</span> <span class='ocrx_word' id='word_1_187' title='bbox 640 3541 711 3604; x_wconf 87' lang='lat' dir='ltr'>est?</span> <span class='ocrx_word' id='word_1_188' title='bbox 744 3543 882 3621; x_wconf 72' lang='lat' dir='ltr'>an.villa</span> <span class='ocrx_word' id='word_1_189' title='bbox 905 3545 948 3610; x_wconf 88' lang='lat' dir='ltr'>sit</span> <span class='ocrx_word' id='word_1_190' title='bbox 968 3549 1043 3627; x_wconf 79' lang='lat' dir='ltr'>apta</span> <span class='ocrx_word' id='word_1_191' title='bbox 1062 3548 1175 3628; x_wconf 80' lang='lat' dir='ltr'>puellae</span> 
     </span>
    </p>
   </div>
   <div class='ocr_carea' id='block_1_11' title="bbox 0 0 1236 4020">
    <p class='ocr_par' dir='ltr' id='par_1_11' title="bbox 0 0 1236 4020">
     <span class='ocr_line' id='line_1_36' title="bbox 0 0 1236 4020; baseline 0 0"><span class='ocrx_word' id='word_1_192' title='bbox 0 0 1236 4020; x_wconf 95' lang='lat' dir='ltr'> </span> 
     </span>
    </p>
   </div>
  </div>
 </body>
</html>
