2444 4056
428 251 639 308 PRAEFATlO.
951 263 1015 313 xlx

46 421 129 478 ultro
155 417 221 493 ipse
243 416 382 477 concedat
410 417 443 476 in
464 419 628 492 posteriore
653 419 732 494 quod
759 421 865 478 statuit
884 420 1015 480 carmine

46 501 197 578 quaedam
221 519 373 561 remanere
401 501 535 560 obscura.
578 503 640 560 Alii
666 504 885 578 transponendo
911 522 1014 564 versus

46 606 112 646 rem
136 588 308 661 gesserunt,
329 585 373 643 ita
388 585 507 660 quidem
522 587 673 658 nonnulli,
694 589 728 644 ut
741 587 863 648 ultimos
878 587 952 646 duos
966 589 1016 646 vel

46 671 195 746 quattuor
213 687 316 728 versus
336 670 405 744 post
426 671 465 728 16
486 670 674 729 collocarent.
703 670 763 728 Sed
777 672 829 729 eut
849 671 947 730 omnia
966 689 1014 729 mo

48 753 162 813 fallunt
179 755 232 811 eut
251 753 391 810 ultimum
406 753 485 811 certe
507 755 637 812 metrum
651 753 710 812 iam
728 753 859 829 Augusti
873 758 968 812 aetate
983 755 1016 814 in

47 840 185 896 extremo
206 835 335 896 carmine
355 837 465 895 lectum
484 839 546 912 cst;
568 838 611 896 ita
630 837 740 912 quippe
760 837 904 896 conclusit
922 855 1016 896 unum

48 921 84 980 de
96 919 250 980 catalecii
257 917 425 995 Vergilius:
441 923 474 979 ut
484 921 530 979 alle
540 937 640 980 versuo
653 937 743 994 usqae
757 937 871 994 quoquc
879 925 1015 994 pariae,

47 1021 128 1064 socer
140 1020 283 1078 peneque
304 1001 387 1080 (narn
405 1004 448 1062 ita
467 1004 622 1063 verissme
637 1001 828 1081 Spengelius)
845 1005 1016 1080 perdidistis

47 1089 160 1156 ovim.
191 1087 285 1146 Mirus
299 1087 379 1146 enim
393 1087 473 1146 foret
487 1105 579 1159 casus,
596 1089 645 1147 vel
658 1088 738 1163 quod
753 1087 848 1146 maius
863 1087 1014 1163 putidissi-

47 1189 115 1230 mae
132 1170 309 1230 eruditionis
319 1189 387 1230 rcus
400 1175 478 1230 esset
484 1170 645 1246 Vergilius,
658 1172 683 1230 si
696 1171 815 1230 aliunde
826 1191 916 1248 quam
928 1191 945 1229 a
956 1171 1015 1230 fine

48 1254 191 1314 carminis
211 1257 364 1329 sumptum
383 1254 426 1313 ite
446 1257 480 1312 ut
494 1254 607 1314 dictum
622 1255 805 1314 adhibuisset
818 1255 909 1315 istum
924 1256 1014 1315 versi·

48 1339 162 1398 culum.
540 1361 543 1368 ¹

112 1421 190 1481 Mihi
202 1421 324 1498 quidem
334 1421 410 1482 nihil
420 1422 458 1480 ad
472 1422 635 1498 perfectam
650 1423 829 1482 sententiam
842 1425 1015 1498 rectumque

50 1506 188 1564 ordinem
200 1506 232 1562 in
254 1505 309 1563 hoe
323 1507 452 1564 carmine
467 1506 586 1566 videtur
600 1507 770 1566 desiderari.
800 1507 895 1565 Immo
911 1524 948 1566 ne
963 1525 1014 1580 po-

49 1592 109 1648 tuit
129 1587 249 1664 quidem
263 1588 399 1664 Pompeii
420 1589 508 1648 aliter
527 1590 585 1649 nisi
605 1590 637 1649 in
658 1590 782 1650 summis
796 1590 931 1648 versibus
945 1590 1016 1648 inici

50 1673 175 1745 mentio,
196 1671 336 1746 quoniam
356 1671 431 1732 nihil
446 1672 489 1730 rei
503 1676 568 1732 erat
581 1672 649 1732 huic
664 1692 731 1732 cum
746 1675 906 1732 Mamurra.
936 1673 1016 1730 Illud

50 1759 153 1815 tamen
172 1773 234 1814 non
253 1757 335 1814 caret
353 1755 563 1830 probabilitate
580 1760 649 1830 post
668 1777 696 1815 v.
715 1758 753 1815 15
775 1756 920 1832 quaedam
940 1756 1015 1813 exci-

50 1839 131 1900 disse
152 1840 186 1898 in
200 1838 307 1912 quibus
327 1841 359 1897 et
378 1856 487 1898 nomen
502 1838 635 1898 Caesaris
651 1836 734 1914 (nam
748 1839 780 1894 id
793 1838 877 1896 nulla
890 1837 1016 1895 necessi-

51 1927 113 1983 tate
128 1923 253 1981 metrica
272 1923 304 1981 'm
318 1923 373 1982 hoc
394 1923 524 1982 carmine
538 1921 621 1980 sileri
635 1917 813 1996 permirum)
829 1923 860 1978 et
875 1919 932 1978 alia
946 1919 1015 1978 sini·

52 2009 131 2066 strae
146 2007 213 2065 eius
226 2005 366 2065 adversus
381 2006 490 2065 amicos
504 2003 618 2079 pariter
633 2023 666 2064 ac
681 2008 776 2064 semet
794 2003 893 2079 ipsum
909 2004 1015 2062 libera-

52 2091 148 2149 litatis
164 2090 299 2164 exempla
312 2089 427 2148 fuerint
439 2091 601 2165 proposita.
631 2089 728 2148 Nimis
743 2107 813 2148 sane
829 2088 971 2148 obscurus
985 2091 1017 2147 et

53 2174 182 2232 difficilis
201 2173 345 2232 transitus
366 2192 383 2230 a
403 2190 492 2232 vorsu
514 2175 555 2232 15
577 2171 614 2230 ed
635 2173 803 2249 sequentia,
823 2174 860 2230 ut
879 2171 1015 2230 omittam

53 2260 182 2316 mutatos
196 2272 346 2331 personas.

116 2339 199 2413 30,5
215 2341 291 2414 qaod
304 2345 338 2400 tu
351 2340 491 2414 melicis·
512 2339 616 2414 scripsi
631 2340 715 2412 qaod,
731 2359 760 2399 v.
776 2355 867 2412 quaa·
887 2338 1016 2398 dfinalis

52 2424 117 2482 sine
131 2423 222 2482 dubio
243 2423 393 2497 sequentis
409 2423 491 2482 verbi
507 2423 595 2482 litera
608 2423 717 2480 initiali
731 2422 845 2481 hausta.
876 2421 1016 2480 Ceterum

53 2525 157 2566 versus
177 2508 213 2579 4,
230 2508 248 2564 5
269 2506 476 2566 Lachmannus
495 2507 613 2564 traiecit
632 2505 664 2564 in
684 2506 774 2564 finem
796 2505 943 2576 carminis,
964 2505 1016 2562 ubi

52 2590 191 2664 equidem
210 2589 351 2649 videntur
371 2590 435 2649 loco
456 2590 527 2664 poni
547 2589 727 2648 alienissimo
748 2590 785 2648 ob
806 2588 963 2662 repetitam
984 2605 1017 2646 ac

53 2674 166 2747 pa'ritcr
187 2672 373 2732 debilitatem
394 2673 527 2747 priorum
547 2692 687 2732 versuum
707 2672 899 2744 sententiam
921 2688 1016 2746 neque

53 2757 212 2816 obsecutus
232 2759 278 2815 est
298 2756 326 2814 ei
348 2755 533 2827 Schwabius,
553 2757 605 2830 qui
629 2756 694 2815 v.4
716 2755 835 2829 scripsit
854 2771 936 2820 oum,
957 2754 1016 2810 for·

53 2842 132 2900 tasse
146 2843 236 2898 recte.

116 2925 167 2995 31,
187 2925 225 2982 13
240 2922 357 2983 Ixibaoe
370 2921 586 2996 Lachmannus,
602 2921 715 2998 Lydiae
730 2920 795 2978 cdd.

118 3007 168 3080 34,
187 3006 226 3064 15
242 3006 354 3066 aotbo's
368 3007 483 3081 scripsi,
499 3008 585 3065 notho
599 3023 629 3064 es
642 3025 671 3063 v.

115 3090 158 3148 ib.
175 3089 215 3148 23
234 3092 354 3162 calmae
377 3094 411 3149 ut
430 3089 548 3148 solitae
588 3086 705 3147 Solite's
725 3103 795 3159 nce,
818 3086 918 3147 soiitos
938 3103 966 3146 ea
980 3085 1015 3157 L,

53 3173 138 3232 solita
153 3189 183 3232 es
197 3192 225 3232 v.
256 3173 292 3232 In
312 3173 417 3234 eodem
435 3191 526 3232 versu
541 3171 676 3230 Klotzius
698 3169 927 3246 Schwebiusque
947 3171 1017 3229 scri-

54 3259 179 3332 pserunt
188 3258 331 3329 catiquei,
349 3257 475 3317 fortasse
490 3273 569 3314 vere.

117 3341 167 3412 36,
183 3340 203 3398 9
219 3343 246 3398 ct
258 3340 345 3410 baec5
359 3341 429 3400 boec
442 3339 521 3411 Itali,
536 3337 588 3398 boc
598 3337 634 3398 V.

115 3422 157 3482 ib.
172 3423 211 3482 12
234 3421 371 3497 Vriesocoo
379 3429 484 3498 portus
495 3422 689 3496 N.Heinsius,
702 3424 848 3498 ctriosqeae
862 3419 911 3480 vel
925 3421 1019 3478 arios
1036 3377 1038 3382 Ι

55 3511 235 3581 casaperta
247 3506 285 3564 V.
