2476 4018
554 193 748 249 recensui
1059 194 1165 268 [m.

274 355 363 420 Tunc
385 377 446 441 ego
468 355 623 422 Romanis
644 355 805 439 praeferar
826 354 981 440 ingeniis,

230 439 300 506 Nec
321 443 475 524 poterunt
496 440 626 506 iuvenes
647 443 758 504 nostro
779 439 911 504 reticere
934 441 1077 524 sepulcro

273 524 419 590 ‘Ardoris
439 525 544 590 nostri
564 546 681 610 magne
702 526 811 608 poeta,
833 525 941 590 iaces?

183 621 215 672 25
231 608 280 674 Tu
303 630 378 674 cave
400 612 511 675 nostra
531 612 588 674 tuo
611 611 797 674 contemnas
820 609 962 674 carmina
982 610 1085 674 fastu:

275 693 376 780 Saepe
398 695 486 760 venit
506 715 625 778 magno
645 694 757 758 fenore
778 692 887 758 tardus
909 694 1021 758 Amor.

573 825 725 955 'aff

232 997 323 1064 Tune
343 998 443 1082 igitur
464 997 605 1080 demens,
625 1017 685 1061 nec
706 998 738 1060 te
759 1017 830 1061 mea
852 1019 926 1062 cura
947 997 1116 1062 moratur?

273 1083 328 1146 An
348 1083 409 1147 tibi
431 1103 502 1146 sum
524 1081 631 1166 gelida
651 1081 747 1145 vilior
767 1080 897 1166 Illyria.

229 1165 275 1232 Et
296 1166 356 1230 tibi
379 1167 443 1230 iam
465 1167 558 1247 tanti,
583 1165 812 1249 quieumquest,
835 1167 895 1230 iste
917 1165 1051 1251 videtur,

273 1249 319 1315 Ut
340 1249 409 1314 sine
430 1271 481 1313 me
503 1252 599 1314 vento
622 1250 766 1333 quolibet
786 1250 833 1314 ire
853 1250 955 1316 velis?

203 1333 326 1399 eTuue
347 1334 455 1399 audire
477 1337 568 1420 potes
590 1333 701 1398 vesani
721 1355 883 1400 murmura
903 1334 996 1420 ponti

274 1417 380 1484 Fortis
403 1422 436 1482 et
456 1418 492 1482 in
513 1418 592 1482 dura
612 1440 693 1484 nave
715 1419 817 1483 iacere
837 1419 952 1504 potes?

231 1505 281 1570 Tu
303 1503 437 1589 pedibus
458 1503 577 1568 teneris
599 1503 721 1588 positas
743 1503 855 1568 fulcire
876 1504 1018 1588 pruinas,

274 1589 324 1653 Tu
345 1591 436 1673 potes
458 1588 614 1666 insolitas,
638 1587 787 1671 Cynthia,
809 1589 892 1652 ferre
913 1589 1025 1654 nives?

233 1674 260 1741 O
283 1674 406 1739 utinam
427 1672 578 1737 hibernae
600 1673 801 1756 duplicentur
826 1675 971 1757 tempora
991 1674 1139 1761 brumae,

184 1773 217 1822 10
274 1759 318 1822 ut
340 1759 382 1822 sit
402 1758 488 1822 iners
510 1757 610 1822 tardis
631 1758 741 1822 navita
761 1755 923 1842 Vergiliis,

232 1843 301 1910 Nec
323 1843 384 1908 tibi
405 1841 547 1926 nyssena
568 1842 710 1908 solvatur
730 1841 817 1906 funis
840 1864 945 1925 arena,

275 1927 364 1994 Neve
386 1927 515 1995 inimica
535 1947 622 1991 meas
645 1927 747 1991 elevet
767 1948 846 1990 aura
864 1948 985 2011 preces,

184 2026 216 2075 15
230 2011 275 2078 Et
295 2033 347 2076 me
368 2011 506 2076 defixum
528 2032 626 2077 vacua
647 2010 788 2096 patiatur
809 2012 844 2076 in
865 2032 921 2075 ora

276 2095 446 2162 Crudelem
467 2097 586 2160 infesta
607 2117 701 2181 saepe
722 2113 836 2160 vocare
857 2117 965 2160 manu.

187 2194 218 2242 13
233 2181 341 2262 Atque
363 2202 424 2264 ego
447 2202 514 2244 non
534 2180 661 2245 rideam
682 2181 761 2244 tales
784 2181 946 2245 subsidere
968 2183 1093 2265 ventos,

276 2263 357 2328 Cum
380 2263 439 2326 tibi
460 2268 626 2348 provectas
648 2265 770 2330 auferet
791 2265 876 2329 unda
896 2268 991 2349 rates,

185 2363 215 2412 1⁷
232 2347 294 2414 Sed
317 2359 515 2431 quocumque
537 2347 633 2412 modo
655 2349 776 2433 deme,
798 2351 933 2433 periura,
956 2351 1100 2435 mereris,
1146 2359 1149 2364 '

276 2431 326 2497 sit
348 2430 481 2496 Galatea
502 2433 575 2496 tuae
597 2453 664 2498 non
686 2434 906 2514 alienandae.

232 2516 278 2584 Vt
298 2521 331 2581 te
352 2516 440 2581 felici
462 2519 536 2600 post
557 2518 640 2580 lecta
663 2515 821 2583 Ceraunia
842 2540 929 2584 remo

183 2617 217 2666 20
273 2602 422 2686 Accipiat
442 2601 576 2686 placidis
599 2600 711 2668 Oricos
733 2603 932 2687 aequoribus.

232 2687 319 2753 Nam
345 2708 396 2751 me
422 2709 490 2751 non
511 2685 593 2751 ullae
615 2690 767 2772 poterunt
788 2709 988 2772 corrumpere
1008 2687 1139 2775 taedae,

277 2772 362 2848 Quin
383 2793 400 2835 e
425 2792 454 2853 ο,
476 2772 552 2855 vita,
574 2775 630 2835 tuo
652 2771 762 2836 limine
783 2793 858 2836 vera
879 2793 1005 2857 querer3

233 2857 303 2924 Nec
324 2879 375 2921 me
398 2793 523 2922 deficiet
543 2860 657 2920 nautes
679 2857 820 2941 rogitare
842 2857 956 2920 citatos

277 2941 410 3024 ‘Dicite
433 2961 494 3024 quo
518 2943 612 3024 portu
634 2941 740 3004 clausa
761 2941 867 3024 puella
888 2939 1029 3005 meast?’

184 3037 218 3090 25
233 3025 277 3090 ut
299 3026 403 3090 dicam
426 3026 518 3090 ‘lieet
539 3025 682 3089 Autariis
706 3025 850 3089 considat
870 3026 906 3088 in
928 3027 1001 3110 oris,

275 3109 321 3174 Et
340 3111 416 3174 lieet
437 3109 572 3194 Hyllcis,
594 3111 651 3173 illa
672 3111 777 3173 futura
798 3114 924 3174 meast)

580 3233 723 3244 ——u

588 3281 675 3354 VIII
684 3279 710 3356 ¹³.

232 3391 296 3457 Hic
319 3389 393 3454 erit!
417 3390 470 3455 hic
492 3393 595 3459 iurata
616 3398 737 3461 manet!
761 3399 949 3482 rumpantur
969 3393 1086 3482 iniquil

157 3487 163 3560 ζ
276 3474 435 3540 Vicimus:
457 3475 606 3544 adsiduas
628 3503 695 3546 non
716 3481 790 3548 tulit
811 3483 867 3546 illa
887 3495 1006 3570 preces
