2444 4056
340 863 684 948 PRAEFATIO

261 1049 469 1110 clrvnnr
496 1049 762 1111 cleurnvu.

102 1332 208 1396 Catulli
229 1333 342 1394 Tibulli
363 1334 511 1411 Propertii
525 1337 690 1396 carminum
704 1335 848 1397 editiones
866 1339 899 1396 ut
911 1355 995 1414 pere-

46 1416 109 1477 biles
128 1421 252 1478 mexime
274 1423 306 1480 et
332 1420 500 1480 commodae
525 1424 587 1479 tres
608 1421 796 1495 potissimum
817 1422 903 1482 hodie
926 1422 994 1481 doc·

48 1503 133 1560 torum
152 1503 307 1562 hominum
320 1521 377 1562 usu
397 1505 454 1562 teri
476 1504 582 1576 solent,
605 1503 728 1564 Henrici
742 1505 840 1576 Keilii,
863 1505 995 1582 Augusti

48 1582 215 1661 Rossbachii,
236 1586 374 1646 Mauricii
393 1585 529 1662 Hauptii,
573 1588 614 1646 nt
634 1587 764 1648 Keilium
788 1589 908 1664 quidem
923 1589 994 1647 olim

49 1671 145 1730 emissis
160 1671 417 1731 observationibus
429 1672 461 1730 in
482 1671 671 1747 Propertium
686 1673 797 1732 criticis
819 1673 894 1731 bene
908 1673 995 1730 meri·

51 1753 103 1811 tun
122 1755 157 1814 de
179 1754 270 1814 Sexto
285 1773 386 1814 omnes
408 1759 534 1814 norunt:
556 1757 609 1814 sed
631 1756 710 1814 enim
731 1755 875 1814 hactenus
898 1757 994 1814 sviro

52 1837 141 1896 eximio
162 1839 320 1898 dissentire
342 1855 447 1914 cogor,
470 1837 549 1912 quod
571 1837 621 1894 ille
642 1838 783 1912 pleraque
809 1839 842 1896 in
863 1839 996 1896 eiusdem

52 1925 136 1990 poetae
156 1922 242 1982 libris
265 1939 342 1980 enno
360 1921 442 1982 1850
456 1920 544 1980 editis
560 1938 627 1979 eum
642 1923 781 1994 corrupta
796 1938 859 1979 esse
874 1920 997 1980 heberet

52 2019 205 2074 persuasum
231 2006 400 2081 relinquere
427 2006 540 2064 intecto
568 2023 658 2080 quam
686 2005 862 2063 coniecturis
889 2004 994 2063 immu-

53 2087 102 2147 tare
121 2090 232 2162 maluit,
254 2107 309 2149 nos
330 2107 384 2164 pro
405 2092 524 2148 nostroe
544 2089 725 2148 recensionis
745 2089 911 2148 rationibus
927 2107 994 2148 con-

54 2170 158 2232 tranem
184 2174 289 2248 potius
310 2175 390 2232 viam
416 2174 534 2250 ingredi
561 2192 630 2232 ere
657 2191 720 2232 esse
742 2173 931 2232 credidimus.
953 2205 996 2215 -

55 2250 87 2312 Do
102 2257 271 2317 Rossbachii
291 2258 369 2316 curis
390 2258 463 2332 quid
484 2259 627 2328 statuam,
651 2257 758 2330 quibus
774 2257 881 2331 cupido
901 2260 995 2316 inces-

56 2341 111 2398 serit
123 2341 317 2418 eognoscendi
327 2340 414 2399 facile
425 2343 567 2415 poterunt
578 2341 813 2414 deprehendere:
830 2339 996 2416 Hauptinm

56 2418 114 2495 ilis,
139 2426 173 2484 de
203 2423 312 2502 quibus
340 2425 453 2500 egitur,
482 2425 580 2498 poetis
603 2442 722 2499 operum
743 2443 869 2484 navasse
889 2425 996 2484 utilem

56 2501 79 2560 et
97 2508 272 2567 luculentum
294 2511 409 2567 constet
434 2508 513 2566 inter
539 2526 650 2566 omnes.
693 2505 738 2567 Ac
764 2511 865 2568 temen
893 2509 995 2566 multis

57 2584 81 2643 in
100 2591 164 2652 locis
193 2591 428 2652 dissentiendum
454 2591 528 2650 mihi
557 2591 616 2651 fuit
637 2591 674 2650 ab
697 2609 745 2664 eo,
774 2593 884 2666 quippe
907 2610 996 2667 quem

57 2670 129 2733 nmio
152 2695 219 2734 cum
251 2675 397 2751 religione
429 2675 612 2734 Lachmanni
644 2675 793 2749 exemplar
825 2675 996 2736 observasse

58 2757 242 2820 existimarem.

105 2841 182 2911 Quod
204 2862 271 2902 cum
292 2845 335 2902 ito
356 2843 410 2915 sit,
438 2843 526 2901 huius
547 2843 736 2917 potissimum
757 2843 815 2900 riri
838 2861 913 2915 quoe
934 2841 996 2900 fue-

59 2920 104 2982 rint
119 2928 246 2986 rationes
267 2927 406 3002 quodque
432 2925 589 2986 consilium
610 2927 730 2984 edendis
753 2923 863 2984 Catulli
884 2923 1006 2984 Tibulli'

59 2997 182 3083 Propertii
203 3011 289 3070 libris
312 3029 379 3069 cum
400 3028 471 3068 cure
492 3010 548 3070 erit
568 3001 827 3083 perscrutandum.

105 3093 202 3168 Itaque
213 3095 345 3169 primum
355 3095 487 3154 omnium
502 3094 575 3152 setis
590 3095 715 3164 constat,
732 3091 788 3152 etsi
797 3091 875 3168 fugit
886 3094 996 3168 pleros·

61 3186 111 3247 que,
124 3177 208 3253 longe
223 3179 295 3238 alies
310 3178 402 3237 fuisse
416 3178 546 3236 rationes
553 3175 745 3249 Lachmann,
761 3175 997 3235 e.MDOOCXVI

61 3268 110 3316 eun
134 3260 279 3337 Propertii
304 3262 398 3321 libros
426 3263 540 3333 ederet,
572 3263 602 3320 et
630 3279 697 3320 curn
717 3258 997 3318 MDCCOXXVIIII

61 3331 126 3403 huius
149 3347 260 3420 paritor
287 3348 317 3405 et
343 3344 453 3408 Catulli
479 3345 649 3418 Tibullique
677 3345 808 3402 carmine
837 3343 995 3402 emitteret.

62 3413 149 3503 Nempe
174 3433 239 3488 tum
260 3448 327 3488 cum
353 3432 482 3505 primum
504 3428 656 3488 accederet
685 3427 722 3485 cd
749 3427 881 3486 criticam
903 3430 996 3485 ortem

63 3513 236 3587 exercendem,
260 3513 369 3588 duplex
385 3513 511 3590 agitavit
529 3512 694 3584 eonsilium,
718 3513 747 3568 et
762 3509 931 3582 depellendi
950 3511 997 3565 tot
