2464 4020
216 241 307 292 XVIII
596 227 810 286 PRAEFATIO.

216 400 284 459 simi
298 397 442 494 temporis
457 396 520 457 sive
541 395 661 474 generis
681 397 885 471 exemplorum
899 395 1055 474 farragine
1070 398 1179 470 obruas,

215 483 269 542 sed
279 483 410 579 primum
424 499 460 541 ex
474 481 568 558 ipsius
582 479 698 556 ingemi
714 480 870 556 elegantia,
884 500 920 539 ex
934 481 1176 558 reliquorumita,

215 570 251 625 ut
264 566 393 642 proximi
407 567 435 626 ei
450 568 520 626 sunt
533 566 651 640 poetioo
669 564 777 640 spiritu
793 582 848 624 noo
862 565 961 624 minus
978 569 1045 626 arte
1061 569 1094 626 et
1106 567 1176 636 lima

215 651 399 710 metiendum
414 651 574 710 existimes.

278 735 324 794 De
338 735 444 794 Iaeobi
464 736 495 793 et
513 733 637 810 Hauptii
658 732 810 809 Keiliique
829 668 1041 796 editionibus
1031 755 1095 795 ram
1115 733 1176 792 dixi·

215 817 720 979 musssffdpgggoialriioefflelilemus
736 903 843 978 quibus
858 905 1053 978 potissimum
1068 906 1101 962 in
1115 902 1178 960 loeis

215 1007 232 1046 a
260 987 443 1047 Lachmanni
473 985 604 1045 editione
634 987 800 1061 posteriore
828 987 927 1047 visum
956 987 997 1047 sit
1026 987 1177 1048 dissentire

216 1069 348 1147 (omissis
362 1074 464 1130 tamen
478 1074 513 1129 ut
527 1071 657 1130 solemus
670 1070 720 1129 bio
733 1071 797 1129 illio
810 1071 900 1132 rebus
914 1069 1080 1150 leviculis),
1104 1073 1134 1129 et
1145 1069 1177 1128 si·

215 1173 274 1230 qua
293 1155 381 1214 aliter
401 1155 600 1230 elegiaaornm
619 1154 832 1214 florentissimo
852 1154 931 1214 baud
944 1155 1074 1232 indigna
1087 1155 1174 1214 obsor-

214 1239 349 1298 vavimus
364 1238 433 1296 data
448 1237 599 1298 occasione
615 1238 812 1314 proferemus.

277 1322 301 1395 I,
320 1324 347 1380 1.
372 1320 480 1381 Statim
500 1321 533 1379 in
553 1324 651 1397 prima
666 1322 749 1382 Sexti
769 1324 878 1400 pagina
898 1325 1065 1384 verendum
1078 1342 1116 1383 ne
1129 1320 1174 1378 lal-

214 1407 290 1465 laoia
300 1406 428 1482 quodam
438 1405 617 1466 irretiamur.
647 1407 724 1465 Nam
739 1427 788 1468 ιι.
803 1409 925 1468 19-21
941 1409 1088 1484 leguntur
1097 1407 1173 1464 haee:

298 1511 330 1567 at
342 1527 405 1582 vos,
422 1507 565 1567 deductae
580 1507 691 1583 quibus
710 1511 757 1567 est
770 1508 887 1566 fallaoia
899 1509 989 1568 lunae

254 1629 256 1634 -
298 1596 330 1651 et
341 1593 427 1652 labor
440 1593 473 1651 in
487 1593 611 1668 magieis
627 1609 713 1651 saera
728 1593 810 1668 piare
824 1593 907 1666 forie,

297 1695 335 1736 en
350 1677 478 1754 agedum
492 1677 629 1736 dominae
644 1678 782 1735 mentem
797 1677 960 1736 convertite
975 1682 1105 1738 nostrae.

275 1777 312 1838 In
334 1777 443 1854 quibus
462 1777 659 1837 falsissimum
680 1795 744 1836 esse
759 1777 937 1836 vocabulum
950 1777 1087 1850 fateare
1102 1774 1172 1836 omni

214 1861 395 1922 affirmamus
410 1862 545 1938 pignore.
578 1861 657 1933 Quid
671 1860 775 1920 enim?
796 1861 970 1937 Propertius
985 1865 1049 1922 tam
1063 1863 1171 1936 neptus

214 1951 301 2020 esset,
322 1950 357 2005 ut
377 1947 413 2005 ab
433 1947 476 2006 eis
497 1944 639 2005 auxilium
660 1949 807 2021 speraret,
829 1965 903 2021 quos
923 1944 1103 2022 impostores
1117 1959 1170 2002 esse

214 2032 246 2088 et
265 2030 399 2090 erederet
418 2031 482 2107 ipse
502 2032 534 2088 et
552 2031 654 2106 aperto
676 2028 808 2088 diaeret?
838 2030 873 2088 Id
888 2048 954 2089 oum
968 2049 1024 2106 per
1039 2051 1071 2092 se
1085 2027 1171 2090 eareat

214 2115 296 2172 omni
315 2115 536 2189 probabilitate,
557 2114 706 2174 refutatur
725 2133 754 2172 v.
772 2115 821 2187 23,
844 2132 903 2189 quo
918 2117 1019 2191 aperte
1034 2109 1172 2192 significat

213 2199 302 2273 poeta
321 2195 463 2257 haetenus
484 2217 515 2258 se
536 2198 722 2257 dubitantem
743 2197 779 2256 de
800 2199 935 2272 potentia
949 2217 1107 2276 magorum
1119 2197 1171 2254 iam

214 2280 369 2340 conciliata
382 2299 437 2355 por
451 2299 502 2340 eos
518 2280 646 2378 Cynthia
660 2283 692 2342 in
706 2284 806 2357 partes
822 2301 924 2342 eorum
938 2283 1062 2342 iturum.
1092 2281 1168 2340 Prae·

213 2369 296 2424 terea
309 2365 377 2423 vide
389 2363 462 2422 mibi
464 2383 572 2439 ‚quam
587 2366 762 2426 inconcinne
776 2367 940 2443 iungantur
953 2367 1007 2426 illa
1020 2385 1097 2443 quae
1111 2361 1171 2424 sont

212 2449 333 2520 fodaoio
355 2451 387 2509 et
405 2449 494 2507 labor
526 2448 612 2519 Quae
628 2467 695 2508 aum
716 2451 759 2508 lta
779 2451 840 2510 sint
859 2451 1062 2526 reponendum
1083 2451 1207 2510 muta

212 2534 294 2593 tione
310 2532 523 2593 minimaillud
535 2533 653 2604 fiducie.
670 2534 715 2592 De
730 2534 886 2609 participio
902 2535 1039 2594 dedadae
1053 2515 1207 2596 videma
1206 2573 1207 2634 ,

213 2636 287 2692 quae
301 2615 424 2678 Hertzb.
441 2617 604 2692 disputarit
618 2636 667 2693 qu.
684 2617 775 2693 Prop.
790 2638 840 2695 pg
859 2620 928 2678 120.
956 2615 1098 2678 Ceterum
1112 2632 1170 2675 oon
1206 2645 1207 2688 ι

212 2703 335 2762 ferenda
349 2721 423 2778 quae
438 2703 545 2778 legunt
545 2721 583 2760 ur
531 2700 669 2775 ιΙΙΠ,
687 2703 735 2775 24,
754 2703 782 2761 9
793 2705 849 2761 sil).
1206 2749 1207 2756 ,

274 2805 316 2864 ib
333 2804 382 2864 20.
413 2803 589 2878 Suspeotum
616 2803 652 2861 de
672 2789 780 2861 inendo
802 2802 878 2862 illud
903 2821 998 2864 auore
1043 2800 1172 2862 Nemut

213 2891 273 2948 omi
274 2893 351 2949 tiam
371 2888 443 2948 alibi
464 2905 525 2947 non
545 2887 671 2963 reperiri
689 2904 775 2946 soora
794 2890 895 2961 piore,
923 2888 994 2948 satis
1017 2879 1207 2963 improprie

212 2973 242 3030 h
263 2973 414 3033 Ldiaitur
433 2971 501 3031 ι(ι
491 2990 605 3048 rpsum,
633 2989 699 3030 anm
725 2970 775 3028 alii
801 2970 968 3031 sacerdotes
992 2991 1054 3031 non
1079 2973 1207 3036 minus

213 3069 303 3130 quam
316 3059 397 3133 magi
411 3057 458 3116 illi
477 3055 626 3116 sacrifieiis
641 3055 765 3116 redditis
786 3054 855 3114 deos
875 3056 991 3130 plaoare
1013 3057 1074 3116 sint
1088 3051 1169 3115 soliti
1206 3043 1207 3138 ι

213 3171 290 3230 Puto
310 3172 424 3232 fuisse'
416 3193 449 3231 ιιι
463 3172 540 3232 arab.
558 3173 647 3250 Prop.
662 3172 718 3231 hoo
730 3140 814 3242 otro,
833 3191 940 3248 nempe
955 3178 1054 3244 ostrow
1074 3192 1126 3232 neo
1143 3166 1171 3227 id

213 3273 276 3314 voa.
298 3273 352 3331 pro
374 3255 450 3314 divis
471 3257 597 3330 dietum,
619 3259 654 3316 (ιι
674 3257 746 3314 abas
766 3275 1003 3333 nonnumquam,
1025 3259 1078 3316 sed
1091 3270 1170 3316 sensu

213 3338 344 3413 proprio.
360 3369 401 3378 ——
421 3337 555 3397 Eandem
570 3341 726 3413 proposuit
740 3341 938 3400 coniecturam
953 3341 1102 3402 Robertus
1117 3338 1171 3398 Vn·
1206 3347 1207 3360 ¹

214 3420 374 3496 gumarii
390 3420 587 3492 doctissimus,
604 3423 680 3478 anal.
696 3423 785 3498 Prop.
800 3443 851 3500 pg.
862 3425 912 3485 57.

200 3511 207 3532 ³
276 3505 318 3562 ib.
335 3503 375 3560 24
392 3500 526 3577 Qubus
540 3502 670 3576 Iraahm,
686 3507 828 3578 οιιιαιιιιι
842 3508 880 3566 N.
