2468 4036
479 241 696 301 PRAEFATIO.
975 256 1067 304 xlel

161 413 206 471 ib.
222 413 262 470 42
282 411 403 472 multo
391 428 579 472 sunnonem
598 414 755 486 incere-
775 429 855 472 nnn
873 413 918 488 A,
939 417 975 473 ut
993 415 1066 488 vid,

53 498 220 556 multa
208 513 365 557 innumera
379 497 536 572 inscru-
550 512 600 554 occ
613 496 714 571 inepte
729 495 770 570 B,
792 515 852 554 exc.
870 497 955 573 Pus,
947 498 1014 557 ·.cf
1035 460 1067 558 et

59 599 177 658 ques
192 580 253 640 dixi
268 580 343 653 cdl,
359 581 388 652 3,
405 579 455 639 50.

163 665 207 724 ib.
223 665 262 724 59
277 665 330 723 istc
343 663 488 739 Heyuius,
504 665 565 736 ipse
579 663 644 722 edd

164 748 206 807 ib.
223 748 262 807 61
285 746 369 808 Ocres
388 747 427 805 N.
442 747 594 822 Heinsius,
608 764 687 824 seqes
700 748 780 808 libri.
809 748 924 807 Eodem
938 750 1066 810 varietas

69 832 132 891 in
144 830 201 892 Ov.
217 851 274 890 cm.
290 831 314 903 Ι,
332 832 381 904 16,
399 832 447 889 12.

164 917 206 974 ib.
223 917 262 976 62
277 921 354 975 certa
368 915 502 989 Puccius,
518 920 597 976 terra
610 915 710 976 ABG.

116 1063 122 1071 ,
164 999 206 1072 Il,
222 1001 250 1072 4,
269 1000 307 1057 12
321 1002 384 1060 iam
397 1000 476 1073 Itali,
492 1017 563 1059 nem
576 999 680 1072 ABG,
701 999 738 1059 cf.
753 1018 829 1076 quoe
845 1000 972 1060 diximus
988 1002 1026 1060 ed
1039 1001 1066 1075 I,

82 1084 130 1157 4,
148 1085 198 1156 38,
213 1101 295 1144 nmec
307 1101 369 1142 exc.
384 1082 470 1142 Viuc.
486 1085 518 1142 et
531 1084 599 1142 Per.

164 1168 205 1226 ib.
223 1169 262 1226 23
281 1170 383 1236 sacris,
398 1167 470 1239 focis
485 1164 518 1226 Ο.
533 1199 575 1208 -
589 1167 630 1225 ib.
645 1167 737 1240 fanis,
752 1169 837 1230 donis
851 1169 888 1242 A,
903 1171 996 1229 sactis
1010 1167 1045 1230 C.

163 1251 206 1310 ib.
222 1253 261 1310 38
276 1253 318 1312 sic
331 1251 476 1326 Heynius,
491 1251 538 1311 bie
549 1249 649 1310 ABG.

163 1333 206 1408 II,
223 1336 251 1408 5,
267 1336 287 1393 4
302 1353 367 1396 mea
380 1335 596 1409 Lechmeuuus,
611 1353 692 1395 nnus
704 1335 774 1410 AO,
789 1341 857 1396 tuus
870 1337 906 1396 B.

164 1419 206 1477 ib.
224 1419 262 1479 18
277 1421 356 1493 qnid,
370 1419 413 1478 ita
427 1419 553 1479 fortusse
568 1419 605 1491 A,
622 1419 766 1493 Muretus,
781 1422 858 1493 quod
871 1419 937 1480 Bc.

164 1503 206 1561 ib.
222 1504 262 1561 34
272 1505 362 1576 pulsa
376 1503 454 1575 Itali,
465 1505 550 1576 pullu
565 1502 629 1560 cdd.

163 1587 205 1646 ib.
222 1588 261 1645 35
277 1589 331 1648 ddi
344 1588 488 1660 Muretus,
504 1587 593 1662 idque
608 1603 713 1646 verum
727 1589 759 1646 et
773 1605 862 1646 seusu
876 1588 1018 1646 suadente
1033 1591 1065 1647 et

92 1670 198 1730 iudice
204 1670 368 1746 euphonia,
384 1673 453 1731 ditis
466 1670 531 1729 cdd.

64 1827 68 1834 ι
163 1756 204 1814 ib.
225 1755 266 1814 43
289 1755 400 1830 Scripsi
420 1755 599 1823 vendende·
624 1771 720 1829 neque
750 1753 829 1812 enim
854 1757 917 1813 tom
942 1755 1065 1830 putidae

91 1838 276 1916 eruditionis
296 1843 385 1914 poen
404 1843 451 1899 est
470 1838 621 1910 Tibullus,
642 1840 677 1896 ut
696 1837 763 1896 ideo
788 1837 867 1896 dicet
891 1838 1064 1897 Numicium

92 1923 226 1982 fluvium
239 1922 451 1996 venerandum,
467 1921 548 1998 quod
561 1921 694 1996 virgines
700 1920 837 1997 Vestales
852 1941 960 1997 aquom
973 1924 1065 1983 sceris

95 2006 243 2066 faciendis
257 2025 294 2066 cx
308 2025 344 2066 eo
364 2007 482 2066 haurire
498 2007 559 2065 sint
573 2006 688 2064 solitee.
717 2003 841 2064 Aenean
855 2024 908 2065 cur
922 2006 1001 2065 dicet
1014 2025 1064 2066 ve-

94 2090 264 2150 nerandum
286 2091 401 2166 Sibylla
426 2091 512 2150 facile
541 2092 680 2165 apparet3
708 2108 778 2148 num
797 2089 842 2149 ite
862 2089 964 2148 eedem
985 2091 1066 2166 apud

97 2175 255 2234 Maronem
279 2171 353 2253 [aen.
372 2178 405 2248 6,
431 2169 503 2252 126]
523 2179 586 2234 sate
605 2176 750 2248 sanquine
769 2175 872 2234 diesen.
905 2171 1003 2251 Vulgo
1018 2193 1064 2234 nc·

96 2260 250 2328 ncranda;
265 2259 301 2316 cf.
318 2262 348 2317 et
361 2277 436 2334 quae
450 2259 553 2318 notovi
569 2258 605 2316 ud
619 2257 644 2330 I,
661 2259 690 2330 7,
706 2258 756 2317 66.

162 2343 203 2401 ib,
219 2343 260 2402 48
281 2343 404 2403 borbore
419 2343 535 2414 annc;
553 2342 596 2400 ite
610 2341 786 2416 Propertius
800 2341 878 2415 ΙΠΙ,
895 2344 924 2416 7,
941 2343 979 2401 31
997 2343 1064 2403 bar·

97 2427 190 2486 banus
203 2427 318 2486 Hector.

161 2511 204 2569 ib.
220 2512 258 2570 68
280 2511 373 2586 Phyto
395 2507 467 2587 (fuit
486 2511 649 2586 antiquitus
668 2510 812 2586 scriptum
826 2507 946 2586 Placete)
962 2509 1063 2584 Haup-

96 2595 168 2666 tius,
177 2593 291 2654 Phoebo
301 2593 366 2653 cdd.
381 2626 423 2635 -
438 2592 587 2668 (iramque
600 2594 759 2670 Hauptius,
768 2593 962 2668 oretanum,
976 2599 1064 2668 orata

96 2680 176 2751 cuod
189 2677 255 2752 BC,
270 2678 302 2736 in
317 2678 425 2755 quibus
439 2681 485 2738 est
500 2679 591 2736 etiem
606 2679 767 2737 admonuit.

161 2763 202 2820 ib.
211 2763 250 2820 69
261 2760 472 2837 Anicnalteli3
485 2762 564 2821 idem
578 2758 827 2832 Tiburs;Albana
837 2763 869 2819 et
876 2761 989 2820 Tiberis
995 2761 1062 2820 cdd.

161 2846 202 2905 ib.
219 2848 258 2904 71
273 2847 343 2906 baec
355 2843 457 2919 ΑΒΘ,
473 2864 561 2921 quem
576 2845 680 2904 reduxi
694 2844 830 2916 formem,
846 2845 900 2904 bac
913 2863 942 2903 v.

160 2929 202 2988 ib.
223 2931 277 3003 75,
305 2932 343 2989 76
370 2931 451 2988 recte
475 2932 510 2987 ut
534 2931 607 3004 puto
632 2932 702 3004 post
727 2930 766 2987 78
793 2927 950 2987 collocavit
974 2928 1063 2988 Ross-

96 3013 228 3073 bachius.

159 3098 202 3157 ib.
219 3099 258 3157 79
272 3097 394 3171 fuerumt
408 3097 488 3169 Itali,
503 3095 624 3169 fuerant
637 3095 714 3171 AB,
729 3093 841 3168 fuerint
853 3094 1002 3172 Brouluh.;
1018 3097 1061 3155 id-

91 3199 154 3255 que
169 3181 296 3241 fortasse
312 3183 429 3242 melius.

159 3265 201 3337 H,
218 3268 245 3338 6,
263 3267 313 3326 23.
331 3266 379 3324 24.
402 3266 467 3326 Hoc
486 3265 634 3326 distichon
654 3265 790 3340 spurium
805 3264 880 3324 dixit
894 3265 1066 3324 Guilelmus

94 3348 218 3408 Fischer
236 3351 269 3408 in
290 3353 403 3426 quaest.
421 3351 556 3426 Propert.
577 3349 699 3408 Bonuse
716 3350 796 3408 1863
817 3349 915 3408 editis.
943 3347 981 3406 In
1000 3367 1061 3406 mc-

95 3433 159 3491 iore
174 3433 313 3510 equidem
333 3453 362 3493 v.
378 3433 450 3509 quid
469 3433 625 3511 displiceat
643 3435 709 3493 viro
723 3433 810 3492 docto
824 3451 886 3492 ιιοιι
898 3431 1059 3505 intellego,

95 3520 194 3576 minor
213 3536 284 3578 saue
302 3518 521 3594 inopportuuus
548 3518 687 3594 idemque
705 3517 855 3591 vulgetis,
881 3517 917 3572 ut
935 3533 1004 3570 eum
1024 3531 1062 3571 ex
