2470 4010
185 183 227 248 10
593 187 746 244 CATVLLI

249 351 341 428 Quod
362 352 437 414 sunl
457 349 626 432 molliculi,
649 371 761 433 perum
783 351 941 434 pudicum.

199 450 215 498 5
248 436 334 501 Nam
356 437 478 499 casium
500 455 568 498 esse
591 435 681 498 decet
702 435 791 518 pium
811 439 940 518 ,poetam

248 519 373 680 ipsum,
394 519 567 584 versiculos
588 518 670 582 nihil
691 523 866 603 necessest,

278 627 311 668 ur
331 608 400 668 tum
421 604 556 688 denique
577 601 697 667 hebeni
719 604 819 668 salem
841 625 878 668 ac
899 603 1066 691 leporem,

248 689 283 753 Si
305 692 379 753 sunt
400 687 554 752 molliculi
575 708 621 766 ac,
633 709 746 770 parum
768 688 875 772 pudici

245 772 291 838 Et
312 773 397 857 quod
417 772 541 856 pruriat
560 771 693 836 incitare
715 775 865 856 possunt,

184 871 217 920 10
244 857 321 923 Non
342 857 412 922 dico
433 857 556 939 pueris,
579 856 635 920 sed
656 856 706 919 his
728 857 853 939 pilosis,

246 941 309 1016 Qui
330 941 425 1004 duros
446 943 608 1024 nequeunl
628 959 756 1005 movere
777 939 914 1007 lumboa

245 1025 328 1108 Vos,
352 1045 448 1108 quom
469 1025 558 1088 milia
579 1025 680 1090 mulla
701 1023 863 1089 basiorum

244 1109 290 1173 Le
316 1109 398 1191 stis,
420 1107 502 1173 male
523 1130 574 1173 me
595 1129 715 1173 marem
736 1107 879 1192 pulaiis?

244 1192 289 1258 Pe
312 1193 403 1257 icabo
426 1214 486 1278 ego
508 1214 565 1257 vos
588 1195 621 1257 el
641 1192 818 1258 inrumabo.

602 1403 735 1480 xvim
772 1399 812 1494 a
835 1389 954 1474 casu

245 1529 273 1594 0
296 1528 445 1612 Colonia,
468 1551 547 1613 quae
571 1530 659 1614 cupis
681 1531 780 1614 ponte
802 1529 910 1594 ludere
931 1530 1046 1615 longo,

243 1614 288 1680 ut
309 1615 402 1678 salire
424 1616 569 1696 paralum
591 1613 703 1697 habes,
727 1613 782 1679 sed
803 1614 920 1680 vereris
942 1615 1054 1698 inepta

245 1698 345 1765 Orura
366 1698 522 1782 ponticuli
543 1699 657 1762 assulis
680 1698 801 1762 stantis.
816 1699 851 1762 in
871 1698 1036 1782 redivivis,

243 1782 294 1848 Ne
317 1784 449 1869 supinus
472 1785 524 1848 eat
546 1803 683 1866 cavaque
704 1782 739 1845 in
760 1783 875 1866 palude
896 1782 1079 1869 recumbal3

133 1917 136 1923 .
191 1881 210 1930 o
244 1867 296 1934 Sic
317 1868 378 1934 tibi
398 1869 501 1932 bonus
524 1888 562 1932 ex
583 1870 639 1930 tua
660 1888 740 1950 pons
761 1867 893 1931 libidine
915 1867 985 1950 fiai,

241 1951 282 2016 In
304 1974 365 2036 quc
387 1954 440 2017 vel
461 1951 640 2018 Salisubsili
661 1971 752 2016 sacra
773 1950 1000 2036 suscipiantur:

243 2035 360 2099 Munus
382 2035 444 2100 hoo
465 2036 544 2099 mihi
565 2035 698 2100 maximi
720 2035 774 2119 da,
798 2034 949 2119 Colonia,
971 2035 1064 2100 risus.

242 2119 409 2194 Quendam
429 2120 622 2204 municipem
644 2141 749 2184 meum
771 2119 810 2185 de
831 2123 887 2184 luo
909 2119 983 2185 volo
1006 2123 1114 2203 ponte

241 2202 292 2266 Ire
313 2203 519 2287 praecipitem
540 2206 575 2267 in
597 2204 700 2268 lulum
719 2225 776 2288 per
797 2205 953 2290 caputque
972 2203 1157 2292 pedesque,

177 2297 212 2348 10
239 2287 359 2351 Verum
380 2286 478 2351 lolius
500 2290 536 2351 ul
556 2289 642 2352 lacus
664 2289 854 2372 putidaeque
899 2288 999 2353 aludis
1085 2329 1094 2340 -

240 2370 443 2434 Lividissime
464 2372 663 2455 maximeque
685 2377 734 2436 esi
754 2311 913 2456 profunda
933 2393 1061 2458 vorago.

239 2454 474 2520 Insulsissimus
497 2459 546 2520 esi
565 2456 662 2520 homo
699 2478 758 2521 nec
780 2457 864 2555 sapit
884 2458 975 2542 pueri
996 2456 1103 2522 instar
1232 2529 1233 2536 χ

239 2538 358 2604 Bimuli
378 2540 515 2604 tremule
535 2541 635 2624 patris
657 2506 843 2628 dormientis
865 2542 900 2606 in
921 2541 1006 2606 ulna.
1232 2543 1233 2554 *

239 2624 321 2699 Quoi
343 2644 415 2688 cum
437 2625 479 2688 sil
500 2624 691 2690 viridissimo
712 2628 814 2709 nupta
835 2626 912 2692 flore
933 2625 1040 2710 puella

176 2718 209 2770 15
239 2708 297 2793 (El
317 2709 424 2792 puella
445 2709 597 2774 tenellulo
621 2710 783 2775 delicatior
804 2710 907 2775 haedo
913 2759 922 2793 ,

237 2793 446 2858 Adservanda
466 2794 647 2892 nigerrimis
670 2794 855 2880 diligentius
877 2794 977 2880 uvis),

237 2878 361 2944 Ludere
381 2877 465 2943 hanc
487 2879 565 2944 sinit
585 2881 622 2942 ut
642 2879 745 2962 lubel,
767 2899 827 2943 nec
848 2879 906 2962 pili
928 2878 1006 2944 facil
1027 2879 1100 2962 uni,

236 2962 268 3028 N
270 2985 306 3028 ec
327 2985 361 3028 se
383 2963 528 3028 sublevat
549 2983 588 3027 ex
609 2985 666 3028 sua
686 2966 793 3047 parte,
817 2963 872 3027 sed
893 2961 981 3028 velut
1002 2962 1096 3026 alnus

236 3045 276 3109 In
296 3048 384 3112 fossa
404 3048 516 3135 Liguri
537 3049 620 3112 iacet
642 3051 835 3132 suppernata
857 3048 973 3129 securi,

171 3139 207 3190 20
236 3128 437 3196 Tantundem
459 3132 567 3197 omnia
582 3133 722 3196 sentiens
745 3154 840 3215 quam
862 3133 890 3196 si
910 3132 1000 3196 nulla
1021 3132 1064 3195 sii
1086 3153 1144 3196 us·

802 3237 876 3280 uam
947 3249 951 3256 ·

236 3295 322 3360 Talis
344 3297 404 3360 isle
425 3319 514 3362 meus
537 3302 648 3384 stupor
667 3300 717 3364 nil
738 3237 838 3383 vidit,
860 3265 943 3363 nihil
965 3299 1068 3381 audii,

235 3379 309 3464 Ipse
336 3381 392 3463 qui
418 3381 473 3463 sit,
500 3384 606 3445 utrum
633 3384 675 3446 sil
701 3405 743 3448 an
769 3405 836 3448 non
863 3385 920 3466 sil,
947 3383 982 3448 id
1010 3405 1143 3468 quoque

778 3468 888 3532 nescit.
