2468 4036
198 250 291 299 xv111
575 235 779 292 PRAEFATIO

200 409 336 484 Apparet
355 408 456 465 autem
475 404 619 464 excidisse
638 403 769 479 primum
791 405 905 480 aliquot
918 423 1038 479 versus,
1054 405 1088 466 in
1101 407 1164 482 qui-

200 493 257 550 bus
272 509 374 567 preces
389 489 426 548 ad
439 489 542 549 Iovem
556 506 611 564 pro
625 488 830 547 incolumitate
844 490 967 564 propria
981 490 1074 564 datas,
1090 510 1165 566 quae

200 593 280 633 nunc
299 577 362 633 tam
380 573 480 632 ieiuna
499 576 620 649 tamque
641 573 758 631 concisa
775 573 923 632 breuitate
937 574 1090 649 leguntur,
1104 594 1165 634 non

139 668 150 692 ³
200 661 236 716 nt
250 677 392 734 agnoscas
407 659 575 730 Tibullum,
596 656 715 732 longius
730 659 958 732 persequeretur
971 661 1074 734 poeta,
1096 678 1165 718 mox

201 744 328 801 eundem
343 743 509 802 orationem
524 741 677 799 deflexisse
693 740 729 798 ad
745 740 924 824 Messallam.

263 827 304 885 ib.
321 829 360 887 86
376 826 439 886 cola
453 826 513 898 Fr,
530 825 587 884 colo
602 845 631 885 v.

264 912 304 970 ib.
321 913 360 969 87
377 915 407 970 ot
422 927 482 968 exc.
498 909 565 967 Par.
582 912 613 968 et
626 908 751 970 fortasse
763 909 799 982 A,
815 927 850 969 oo
863 910 917 968 rel.
933 910 1003 969 libri
1014 910 1138 969 Lachm.

149 998 152 1007 '
264 995 293 1068 I,
315 995 344 1052 4.
374 994 439 1053 Hoc
465 1011 583 1051 carmen
611 993 695 1068 piget
721 1011 754 1050 ac
780 1011 873 1068 paene
893 992 987 1068 pudet
1004 995 1087 1068 quod
1106 1014 1164 1054 non

201 1097 237 1137 eo
257 1078 447 1153 potissimum
467 1096 607 1137 versuum
634 1077 737 1135 ordine
757 1077 1054 1153 repraesentavimus,
1078 1099 1164 1154 quem

200 1161 380 1221 Ritsohelius
401 1160 504 1220 libello
525 1161 562 1219 de
581 1179 640 1236 quo
663 1159 723 1219 dixi
748 1161 779 1219 in
799 1161 983 1236 praefatione
1004 1161 1120 1222 Catulli
1140 1183 1163 1220 a.

204 1247 284 1304 1866
306 1245 471 1320 proposuit.
502 1241 590 1303 Certe
605 1245 737 1320 graviter
750 1244 782 1302 in
797 1245 850 1303 illo
865 1245 1029 1304 turbatum.
1047 1246 1164 1322 'Neque

201 1332 302 1388 tamen
321 1329 352 1388 vi
372 1327 496 1387 inertiae
517 1346 571 1388 nec
592 1327 674 1386 inani
696 1329 905 1404 superstitione
927 1329 1017 1389 series
1039 1348 1075 1389 ea
1102 1351 1165 1391 rer-

202 1431 298 1485 suum,
314 1432 404 1488 quam
418 1412 559 1471 exhibent
573 1413 686 1486 scripti,
703 1416 820 1472 servata
841 1412 893 1472 sed
913 1431 999 1472 eausa
1013 1432 1107 1489 quam
1120 1415 1165 1473 hio

202 1497 306 1555 afferre
328 1498 458 1556 alienum
478 1498 532 1555 est.
569 1496 655 1567 Quod
670 1513 737 1555 cum
750 1497 794 1556 ita
808 1498 856 1570 sit,
872 1497 1027 1556 Ritsohelii
1042 1500 1165 1558 inventa

201 1581 234 1639 in
253 1582 365 1640 maiora
386 1581 515 1640 editione
541 1598 599 1656 quo
624 1599 678 1656 per
702 1583 767 1638 erat
784 1580 895 1640 honore
915 1582 1110 1657 habebimus,
1135 1585 1165 1641 in

201 1666 290 1724 terim
313 1666 448 1724 ordinem
467 1684 608 1725 versuum
623 1665 741 1739 qualem
758 1666 822 1739 ipse
837 1665 1055 1725 commendavit
1069 1669 1164 1743 signi·

201 1749 302 1810 ficasse
324 1749 464 1810 mutanti.
496 1749 576 1820 Quos
597 1749 640 1807 ita
661 1767 693 1807 se
707 1748 841 1824 excipere
856 1749 970 1822 statuit,
991 1752 1026 1807 ut
1039 1756 1112 1825 post
1128 1753 1164 1808 14

200 1837 351 1908 ponantur
366 1835 499 1907 39—56,
517 1834 566 1906 71,
584 1834 632 1905 72,
650 1833 783 1891 21-26,
806 1833 862 1892 His
877 1832 1064 1892 subiciendos
1083 1837 1165 1894 15—-

202 1919 252 1992 20,
276 1920 410 1991 27-38,
427 1918 560 1990 73-84,
584 1918 719 1975 57—70.
750 1915 889 1976 Ceterum
904 1920 1001 1976 ortam
1016 1919 1165 1978 contrusio-

201 2020 271 2060 nem
290 2021 326 2060 ex
346 2003 504 2078 archetypo
527 2001 674 2074 librorum
689 2000 802 2059 Tibulli
817 2001 962 2076 scriptura
974 2003 1085 2060 unciali
1104 2005 1166 2062 sive

200 2086 363 2144 maiuscula
377 2089 504 2159 exarato,
519 2085 571 2160 qui
585 2085 698 2143 formae
713 2084 835 2142 minime
856 2103 980 2160 magnae
996 2097 1083 2146 senos
1100 2107 1165 2147 ver·

201 2189 251 2228 sus
265 2170 314 2228 vel
327 2170 427 2244 potius
442 2169 593 2229 duodenos
608 2167 776 2228 dimidiatos
795 2169 828 2226 in
842 2169 967 2244 singulis
982 2171 1165 2230 continuerit

201 2253 329 2329 paginis,
345 2253 599 2330 Merovingiorum
614 2252 677 2311 fere
692 2255 819 2312 aetatem
834 2253 974 2312 referens.

264 2338 306 2396 ib.
323 2336 362 2393 22
377 2337 465 2412 longa
478 2336 515 2410 A,
531 2354 646 2396 sonmo
660 2356 688 2396 v.

264 2421 305 2480 ib.
322 2421 360 2479 27
375 2421 479 2480 aaron
493 2422 557 2493 cris,
573 2422 617 2479 ita
631 2420 712 2495 cdd.;
728 2422 872 2480 saracems
886 2421 1005 2480 Lachm.
1022 2422 1059 2480 ad
1073 2424 1163 2482 Lucr.

201 2524 251 2581 pg.
262 2506 340 2579 2073
354 2507 386 2563 et
399 2505 507 2580 probat
520 2503 708 2564 Ritsohelius.
730 2504 843 2563 Vereor
857 2508 957 2564 tamen
971 2524 1009 2564 ne
1023 2507 1163 2566 tardandi

202 2589 264 2648 sive
296 2589 482 2648 tardescendi
510 2589 686 2649 vocabulum
716 2589 835 2649 Tibullo
869 2589 967 2648 minus
996 2593 1163 2664 conveniat,

201 2692 290 2749 quam
306 2671 423 2733 carulo
444 2673 506 2734 sive
520 2672 669 2745 Lucretio,
691 2691 746 2731 nec
765 2690 836 2732 vero
856 2673 951 2746 video,
973 2674 1045 2748 quid
1060 2675 1164 2750 displi-

201 2760 267 2816 ceat
279 2757 312 2816 in
325 2759 456 2834 vulgara.
472 2789 514 2800 —-
528 2758 569 2816 ib.
585 2759 715 2828 transiet,
732 2756 768 2814 of.
785 2757 812 2814 d.
829 2776 853 2814 r.
868 2777 908 2815 m.
924 2777 974 2832 pg.
990 2758 1062 2816 403.

264 2843 303 2902 ib.
321 2844 362 2902 30
375 2843 444 2903 alba
457 2842 535 2915 Itali,
551 2841 611 2901 alta
624 2841 693 2900 AB.

263 2927 304 2985 ib.
321 2928 362 2987 34
377 2929 455 2997 tom·
469 2928 512 2985 ita
526 2925 602 2999 cdd,
618 2927 686 2986 olim
700 2924 888 2984 Ritsohelius.

263 3010 304 3068 ib.
321 3013 370 3070 38.
392 3011 452 3070 Pro
471 3011 524 3071 illo
545 3027 617 3071 nam
632 3008 810 3068 Schraderus
831 3010 1049 3068 commendavit
1064 3029 1163 3083 qoam,

200 3093 392 3167 Ritsohelius,
414 3095 446 3154 id
467 3095 546 3170 quod
570 3095 665 3170 magis
689 3093 800 3170 placet,
825 3094 900 3152 ttae.
954 3093 1095 3168 Suspicor
1121 3099 1163 3154 ts·

201 3193 271 3236 men
285 3179 366 3235 recte
381 3195 412 3236 se
426 3178 535 3237 habere
549 3179 727 3253 scripturam
741 3178 911 3254 vulgatam3
923 3179 1002 3235 certa
1015 3179 1164 3252 particula

201 3262 261 3320 iste
279 3259 330 3320 vix
350 3260 438 3319 aliter
459 3263 557 3335 posita
575 3262 727 3321 invenitur
746 3261 823 3336 apud
843 3261 1032 3336 Lygdamum
1051 3263 1087 3335 4,
1104 3265 1162 3322 43:

201 3344 281 3402 unde
300 3345 475 3419 plerumque
496 3344 609 3417 dubito,
631 3363 669 3402 an
687 3345 795 3405 iniuria
809 3345 973 3419 expulerim
986 3345 1113 3404 eandem
1128 3366 1165 3405 ex

203 3426 604 3500 v.120.4.1.11;5,6,1.
723 3435 725 3438 '

265 3511 306 3570 ib.
322 3511 362 3569 41
378 3527 436 3571 neu
451 3509 526 3584 edd,
541 3526 579 3570 rte
593 3509 780 3571 Ritsohelius.
