2470 4010
202 251 245 316 38
338 301 346 314 .
613 253 767 308 camum
946 313 950 319 ,
1064 255 1167 324 [Lxffl.

234 417 412 482 aDevolsit
431 418 487 480 ilei
509 419 602 480 acuto
624 416 686 479 sibi
705 416 850 501 pondera
871 416 968 482 silice.
986 415 990 418 ’

266 503 378 585 Itaque
399 504 436 564 ut
455 502 569 565 relicta
590 501 690 565 sensit
710 501 773 564 sibi
793 502 938 565 membra
958 502 1027 564 sinc
1048 501 1136 584 viro,

265 586 375 651 Etiam
395 589 523 649 recente
543 589 647 649 terram
669 583 738 648 sola
760 586 916 670 sauguine
937 586 1104 648 maculans

266 669 378 736 Nivcis
401 670 499 734 citata
520 671 606 753 cepit
625 669 773 733 manibus
794 670 864 733 leve
885 673 1055 753 cyprinum,

267 755 451 839 Typanum,
472 758 563 818 tuom
585 753 729 837 Cybebe,
749 757 821 836 tua,
843 759 961 837 mater,
983 755 1093 837 initia,

219 851 252 902 10
267 839 483 922 Qualiensque
504 842 597 922 terga
617 837 719 902 taurei
739 839 859 901 teneris
882 859 959 902 cava
982 839 1093 923 digitis

267 923 390 988 Oanere
411 923 491 987 haec
513 923 577 987 suis
600 922 744 986 adortast
764 921 974 986 tremebunda
989 922 1165 986 comitibus.

268 1009 379 1092 ‘Agite
394 1008 438 1071 ite
453 1006 493 1070 ad
508 1007 587 1088 alta,
611 1005 737 1088 Gallae,
760 1005 896 1090 Cybeles
909 1028 1043 1071 nemora
1063 1005 1165 1085 simul,

267 1092 370 1157 Simul
391 1093 450 1174 ite,
473 1089 693 1175 Dindymenae
716 1091 864 1155 dominae
884 1113 967 1176 vaga
988 1112 1121 1176 pecora,

267 1177 385 1240 Aliena
405 1197 486 1259 quae
506 1179 652 1260 petentes
673 1176 761 1240 velut
782 1176 890 1239 exules
911 1176 983 1240 loca

219 1261 394 1328 lassatam
414 1281 519 1324 meam
542 1263 690 1324 exacutae
712 1260 791 1324 duce
811 1282 863 1324 me
884 1259 965 1324 mihi
987 1261 1119 1324 comites

266 1345 427 1410 Rabidum
448 1346 551 1409 salum
571 1343 690 1408 tulistis
711 1344 954 1428 truculentaque
974 1345 1088 1430 pelage

266 1429 312 1494 Et
333 1451 447 1513 corpus
469 1430 613 1493 evirastis
634 1427 769 1492 Veneris
791 1429 892 1492 nimio
915 1428 1005 1512 odio,

267 1514 412 1578 Hilarate
434 1535 505 1578 erae
527 1514 633 1577 citatis
655 1513 814 1577 erroribus
837 1513 988 1576 animum.

267 1598 360 1662 Mora
379 1597 472 1661 tarda
491 1601 599 1662 mente
621 1598 726 1662 cedat:
750 1598 845 1660 simul
865 1598 925 1680 ite,
948 1597 1118 1681 sequimini

218 1697 253 1747 20
266 1681 441 1768 Phrygiam
468 1681 508 1745 ad
536 1681 665 1746 domum
693 1681 853 1765 Cybebes,
880 1681 1023 1830 Ρὴέγςία
1048 1681 1088 1745 ad
1115 1699 1165 1742 uc·

812 1788 903 1830 mora
946 1789 1001 1831 eae

267 1853 332 1918 Vbi
353 1852 534 1937 cymbalum
556 1855 747 1936 senatres,
770 1851 825 1914 ubi
846 1817 1165 1935 tympana'reboant,

268 1937 402 2003 Tibicen
422 1939 477 2002 ubi
500 1937 587 2002 canit
607 1936 716 2019 Phryx
738 1957 833 2000 curvo
856 1957 953 2020 grave
975 1936 1111 2018 calamo,

266 2020 334 2085 Vbi
356 2023 461 2105 capita
482 2021 653 2085 Maenades
675 2021 707 2085 vi
728 2021 850 2084 iaciunt
870 2019 1068 2104 ederigerae‚

267 2103 333 2168 Vbi
356 2126 446 2168 sacra
468 2109 577 2170 sancta
599 2105 699 2171 acutis
721 2105 894 2168 ululatibus
916 2105 1057 2189 agitant,

219 2203 252 2252 25
267 2188 332 2252 Vbi
354 2190 457 2252 suevit
477 2190 534 2252 illa
555 2190 645 2254 divae
666 2189 800 2253 volitare
820 2211 904 2286 vaga
926 2187 1056 2253 cohors:

270 2271 339 2348 Quo
361 2294 422 2336 nos
444 2272 535 2337 decet
555 2275 661 2337 citatis
684 2275 819 2337 celerare
839 2273 1011 2357 tripudiis!

268 2357 371 2422 Simul
392 2355 473 2421 haec
494 2359 664 2422 comitibus
678 2358 765 2422 Attis
788 2359 905 2422 cecinit
924 2359 1026 2422 notha
1045 2359 1164 2436 mulier,

269 2441 404 2506 Thiasus
426 2445 556 2525 repente
577 2442 696 2526 linguis
718 2443 951 2526 trepidantibus
973 2443 1089 2526 ululat,

269 2525 352 2590 Leve
373 2528 561 2608 tympanum
574 2527 723 2611 remugit7
744 2549 821 2592 cava
835 2526 979 2611 cymbala
993 2526 1165 2611 recrepant,

220 2625 254 2674 30
266 2609 412 2675 Viridem
434 2612 516 2675 citus
538 2609 605 2673 adit
625 2609 716 2674 Idam
737 2613 928 2696 properante
947 2611 1028 2694 pede
1043 2610 1165 2675 chorus.

268 2694 453 2761 Furibunda
479 2695 574 2759 simul
601 2695 754 2760 anhelans
782 2718 865 2780 vaga
895 2696 997 2779 vadit,
1030 2695 1166 2760 animam

813 2803 912 2844 avens

269 2866 430 2932 Comitata
450 2870 604 2950 tympano
626 2863 714 2927 Attis
736 2886 793 2947 per
815 2831 926 2949 opaca
938 2885 1071 2930 nemora
1094 2865 1166 2942 dux,

268 2951 378 3016 Veluti
399 2953 531 3017 iuvenca
551 2950 655 3014 vitans
678 2970 758 3012 onus
779 2949 936 3014 indomita
956 2950 1039 3034 iugi:

268 3034 410 3118 Rapidae
433 3037 545 3102 ducem
567 3057 600 3100 se
623 3035 742 3098 nuntur
764 3033 876 3098 Gallae
896 3033 1146 3118 properipedem.
1213 3041 1214 3086 l

220 3117 380 3201 caltaque
400 3125 437 3184 ut
458 3121 587 3186 domum
603 3057 754 3204 sllybebes
776 3119 910 3203 tetigere
931 3117 1085 3202 lassulae,

269 3202 379 3268 Nimio
402 3225 420 3266 e
441 3204 549 3268 labore
571 3226 719 3269 somnum
741 3203 872 3286 capiunt
893 3203 962 3267 sine
984 3200 1109 3268 Cerere.

268 3285 366 3370 Piger
386 3286 437 3350 his
460 3288 587 3351 labante
609 3289 742 3373 langore
764 3288 874 3353 oculos
897 3309 994 3371 sopor
1015 3287 1133 3372 operit:

269 3371 350 3434 Abit
370 3371 405 3433 in
427 3371 532 3453 quiete
554 3372 644 3434 molli
665 3372 795 3436 rabidus
816 3373 907 3436 furor
928 3371 1038 3436 animi.

271 3453 334 3519 Sed
355 3453 410 3516 ubi
431 3453 496 3515 oris
519 3454 605 3516 aurei
627 3453 682 3518 Sol
704 3456 900 3520 radiantibus
922 3456 1023 3520 oculis

221 3549 255 3598 40
269 3537 431 3600 Lustravit
451 3534 579 3600 aethera
599 3537 720 3621 album,
742 3539 810 3602 sola
831 3538 924 3624 dura,
944 3561 1031 3604 mare
1052 3540 1167 3621 ferum,
