2468 4036
596 103 614 143 Χ

13 257 155 330 vura]
399 300 400 304 a
457 257 566 314 ninas
586 257 609 316 1.
981 253 1031 320 19Δ

17 423 106 488 Vel
134 443 209 486 cum
231 421 405 507 promittit,
429 421 534 485 subito
557 421 613 486 sed
634 421 755 506 perfida
775 422 875 506 fallit,

79 507 157 570 Est
178 505 258 570 mihi
279 527 343 569 nox
363 506 474 570 multis
497 507 680 590 evigilanda
700 507 803 571 malis.

22 591 137 656 Dum
161 589 242 654 mihi
264 589 430 654 venturam
444 591 548 674 fingo,
572 589 791 675 quodcumque
806 593 966 676 movetur,
989 601 1022 654 65

82 675 188 740 Illius
212 675 305 738 oredo
329 677 405 738 tunc
428 675 571 739 sonuisse
592 675 728 759 pedem!

29 760 203 825 Desistas
225 759 405 842 lacrimare,
427 781 522 842 puer:
544 781 612 824 non
632 759 792 846 frangitur
813 760 885 843 illa,

85 844 139 908 Et
160 847 216 907 tua
237 844 302 907 iam
323 843 400 908 fletu
421 843 545 908 lumina
565 845 652 908 fessa
672 848 806 908 tument.

33 929 218 1010 Oderunt,
240 927 378 1011 Pholoe,
400 949 531 1011 moneo,
553 929 684 992 fastidia
705 929 784 1011 divi,

87 1013 166 1078 Nec
188 1012 319 1095 prodest
342 1013 461 1076 sanctis
482 1015 554 1076 tura
577 1013 702 1078 dedisse
723 1015 814 1079 focis.
989 1024 1024 1076 ⁷0

33 1098 113 1162 Hic
129 1096 297 1160 Marathus
320 1095 481 1180 quondam
495 1098 629 1162 miseros
652 1098 782 1162 ludebat
800 1099 957 1181 amantea,

89 1181 233 1246 Nescius
253 1181 391 1244 ultorem
413 1184 488 1264 post
509 1185 605 1266 caput
627 1204 696 1246 esse
718 1183 827 1262 deum:

37 1266 156 1348 Saepe
180 1266 275 1328 etiam
297 1266 437 1331 lacrimis
458 1266 560 1330 fertur
580 1267 689 1332 risisse
711 1267 849 1332 dolentis

92 1349 141 1414 Et
163 1350 314 1433 cupidum
335 1350 411 1414 ficta
433 1350 607 1415 detinuisse
628 1373 734 1416 mora:

39 1435 151 1501 Nunc
172 1454 283 1498 omnes
305 1435 374 1498 odit
395 1435 513 1518 fastus,
535 1457 621 1500 nunc
643 1435 790 1519 displicet
810 1436 859 1500 illi
988 1444 1022 1498 ts

94 1519 320 1602 Quaecumque
343 1519 523 1603 oppositast
544 1521 642 1584 ianua
663 1520 741 1585 dura
762 1541 842 1584 sera.

40 1606 98 1668 At
120 1609 155 1666 te
176 1624 280 1686 poena
301 1607 419 1668 manet.
453 1605 488 1668 ni
511 1605 629 1669 desinis
652 1626 721 1669 esse
743 1606 895 1688 superba,

95 1687 202 1763 Quam
225 1689 332 1772 cupies
354 1689 439 1754 votis
460 1688 545 1753 huno
566 1710 716 1754 revocare
738 1689 838 1753 diem!

484 1902 599 1976 VlHI.

49 2025 141 2103 Quid
161 2023 241 2088 mihi
247 2072 257 2109 ‚
281 2025 309 2089 si
330 2025 435 2090 fueras
456 2026 590 2090 miseros
612 2026 755 2091 laesurus
777 2048 916 2112 amores,

97 2110 241 2174 Foedera
261 2131 318 2194 per
339 2111 445 2194 divos,
469 2112 551 2174 clam
572 2111 735 2195 violanda,
758 2111 880 2176 dabas?

52 2198 89 2260 A
111 2195 223 2279 miser,
246 2198 278 2258 et
300 2195 398 2278 siquis
419 2197 523 2279 primo
544 2197 684 2280 periuria
706 2197 802 2278 celat,

99 2279 190 2362 Sera,
212 2282 322 2344 tamen
343 2281 449 2344 tacitis
471 2281 579 2345 Poena
600 2282 689 2345 venit
709 2281 853 2366 pedibus.

52 2365 195 2447 Parcite,
218 2365 385 2429 caelestes:
408 2369 575 2449 aequumst
596 2367 716 2450 inpime
737 2367 833 2432 licere
1005 2375 1024 2428 5

101 2448 244 2512 Numina
264 2449 414 2514 formosis
436 2450 561 2514 laedere
582 2455 687 2516 vestra
712 2453 820 2516 semel.

58 2533 164 2598 Lucra
183 2536 296 2617 petens
316 2533 417 2598 habili
438 2537 546 2599 tauros
569 2536 716 2621 adiungit
737 2540 843 2600 aratro

102 2616 146 2681 Et
166 2617 278 2681 durum
299 2621 403 2682 terrac
424 2621 562 2684 rusticus
584 2625 678 2704 urget
699 2642 794 2704 opus,

56 2702 160 2767 Lucra
179 2703 333 2785 petituras
356 2704 438 2768 freta
459 2726 516 2789 per
537 2704 682 2789 parentia
702 2705 806 2768 ventis

104 2785 232 2850 Ducunt
252 2789 419 2852 instabiles
442 2789 545 2853 sidera
568 2793 654 2854 certa
675 2791 774 2853 rates:
992 2799 1024 2849 10

59 2871 244 2936 Muneribus
266 2893 354 2936 meus
377 2875 426 2938 cst
447 2877 557 2953 captus
579 2895 666 2957 puer.
702 2876 736 2936 at
757 2873 834 2937 deus
856 2873 913 2936 illa

103 2954 141 3020 In
161 2957 300 3020 cinerem
322 2962 355 3022 et
376 2958 513 3042 liquidas
534 2981 666 3022 munera
688 2960 791 3022 vertat
812 2979 918 3040 aquas.

60 3040 129 3106 Iam
148 3041 227 3104 mihi
248 3043 410 3125 persolvet
429 3063 567 3127 poenas,
589 3042 756 3127 pulvisque
779 3042 926 3106 decorem

105 3123 255 3190 Detrahet
276 3131 309 3192 et
329 3128 433 3192 ventis
455 3127 585 3191 horrida
606 3127 692 3190 facta
714 3148 819 3210 coma,

62 3209 175 3274 Vretur
196 3211 311 3295 facies,
334 3217 467 3278 urentur
489 3213 556 3278 sole
579 3211 702 3296 capilli,
993 3221 1025 3272 15

105 3294 234 3359 Deteret
254 3297 412 3362 invalidos
435 3300 467 3361 et
488 3297 541 3362 via
562 3298 662 3382 longa
682 3297 789 3382 pedes.

63 3379 221 3444 Admonui
243 3384 391 3464 quotiens
414 3391 509 3447 ‘auro
532 3404 573 3446 ne
594 3382 702 3466 pollue
724 3383 876 3447 formam:

107 3464 202 3550 Saepe
225 3467 332 3531 solent
353 3489 430 3532 auro
452 3468 554 3531 multa
576 3467 705 3532 subesse
727 3469 821 3532 mala.

64 3548 186 3615 Divitiis
209 3555 320 3636 captus
343 3552 441 3636 siquis
463 3553 595 3617 violavit
617 3573 774 3635 amorem,

836 3650 872 3702 20
