2476 4018
49 181 140 252 rvi]
285 205 289 214 ·
460 181 569 237 nisse
591 182 611 242 1.
986 181 1029 246 15

52 357 84 404 17
96 343 172 410 Nec
196 343 243 408 sic
260 343 445 408 Aesoniden
466 345 664 428 rapientibus
687 347 781 412 anxia
801 348 906 413 ventis
994 358 1029 410 15

141 427 325 512 Hypsipyle
346 449 446 492 vacuo
469 429 616 495 constitit
636 431 672 494 in
693 430 849 496 thalamo:

93 512 132 577 Η
179 513 283 596 sipyle
304 513 412 578 nullos
433 516 509 598 post
529 514 604 578 illos
627 515 728 580 sensit
749 537 887 600 amores,

173 600 190 660 t
212 598 312 662 semel
332 597 513 662 Haemonio
535 599 640 664 tabuit
660 597 811 683 hospitio,

54 682 146 746 15Al
168 681 323 746 hesiboea
344 703 418 746 suos
439 683 539 748 ultast
558 705 617 768 pro
640 684 777 770 coniuge
797 685 912 750 fratres
916 732 928 770 ,

146 705 321 852 §anguinis
344 769 376 831 et
398 766 463 831 cari
484 768 613 832 vincula
633 770 721 852 rupit
741 791 839 834 amor.
993 782 1030 834 20

53 866 86 914 21
97 851 259 936 Coniugis
281 849 415 916 Euadne
436 850 571 917 miseros
593 853 676 918 elata
696 875 754 952 per
775 854 868 939 ignes

146 935 287 1020 Occidit,
309 935 449 1020 Argivae
469 936 557 1000 fama
576 937 759 1021 pudicitiae.

99 1019 245 1097 Quarum
266 1019 357 1086 nulla
377 1023 450 1084 tuos
471 1021 579 1105 potuit
600 1025 785 1088 convertere
806 1043 928 1108 mores,

145 1105 196 1169 Tu
217 1126 343 1190 quoque
364 1105 413 1172 uti
433 1105 525 1172 fieres
545 1106 664 1172 nobilis
685 1105 831 1174 historia

99 1188 223 1254 Desine
245 1189 310 1254 iam
330 1211 478 1254 revocare
499 1191 564 1254 tuis
584 1192 724 1276 periuria
745 1193 865 1277 verbis,
992 1203 1028 1254 25

145 1273 303 1359 Cynthia,
326 1277 359 1338 et
380 1273 498 1359 oblitos
519 1297 615 1359 parce
636 1297 764 1342 movere
786 1279 878 1362 deos,
963 1347 969 1363 ⁸

99 1359 218 1424 Audax
240 1382 268 1442 a,
290 1359 426 1424 nimium
446 1363 558 1424 nostro
581 1361 720 1426 dolitura
740 1363 872 1446 periclo,

145 1443 260 1528 Siquid
280 1443 364 1510 forte
385 1441 447 1508 tibi
468 1443 577 1508 durius
598 1445 757 1510 inciderit

2 1588 7 1600 ‚
88 1527 197 1596 ‚Muta
216 1527 306 1614 prius
328 1531 418 1593 vasto
440 1529 588 1594 labentur
608 1529 744 1594 flumina
763 1533 880 1615 ponto,

145 1615 262 1678 Annus
285 1615 318 1678 et
338 1613 480 1678 inversas
503 1613 629 1678 duxerit
649 1617 724 1678 ante
745 1615 846 1698 vices,
993 1627 1028 1676 30

102 1697 209 1776 Quam
228 1702 285 1762 tua
306 1698 365 1762 sub
387 1701 498 1763 nostro
521 1701 661 1763 mutetur
682 1701 811 1782 pectore
833 1719 926 1765 cura:

146 1782 201 1848 Sis
223 1782 444 1867 quodcumque
466 1784 570 1866 voles,
593 1805 661 1848 non
682 1783 787 1848 aliena
807 1786 927 1848 tamen

100 1867 192 1935 Nam
212 1867 293 1930 mibi
313 1888 355 1932 nc
376 1867 457 1931 viles
478 1868 534 1932 isti
554 1867 722 1932 videantur
744 1867 852 1951 ocelli,

145 1951 210 2019 Per
231 1973 311 2035 quos
334 1973 427 2035 saepe
448 1951 528 2016 mihi
550 1953 670 2016 credita
690 1952 868 2036 perfidiast!

101 2035 176 2102 Hos
195 2039 233 2100 tu
253 2035 395 2121 innubae,
418 2036 523 2120 siquid
544 2038 680 2102 mentita
701 2037 830 2120 fuisses,
993 2047 1028 2100 8⁶

145 2119 195 2185 Vt
215 2121 276 2185 tibi
298 2120 473 2204 suppositis
495 2121 678 2186 exciderent
698 2122 860 2186 manibus:

102 2205 150 2272 Fit
173 2209 285 2270 contra
305 2227 459 2292 magnum
479 2209 572 2290 potes
593 2205 654 2272 hos
675 2207 821 2272 attollere
843 2207 957 2291 solem,

182 2312 218 2356 ec
238 2291 350 2354 tremis
373 2289 529 2356 admissae
551 2291 681 2356 conscie
701 2291 885 2377 nequitiae?

133 2375 184 2440 uis
204 2377 237 2439 te
260 2375 396 2460 cogebat
417 2375 535 2440 multos
556 2377 676 2460 pallere
701 2375 855 2443 color'e's''
884 2381 980 2455 “N

147 2458 193 2523 Ilt
212 2459 324 2525 fletum
345 2459 455 2543 invitis
477 2459 591 2525 ducere
610 2461 808 2526 luminibus?
981 2457 1029 2532 Ntl)

2 2567 3 2600 l
103 2543 185 2622 Quis
204 2565 264 2628 ego
279 2565 367 2625 nuno
382 2565 478 2627 pereo
500 2545 620 2610 similes
634 2539 813 2608 moniturus
829 2547 971 2610 amantes

149 2625 195 2694 ‘O
216 2627 314 2692 nullis
335 2631 441 2692 tutum
463 2629 590 2692 credere
611 2627 809 2694 blanditiisl'
1027 2644 1031 2679 ³

478 2751 621 2761 ——a-—n

497 2843 592 2917 XVI.

104 2965 195 3042 Quae
209 2966 333 3032 fueram
346 2968 473 3052 magnis
489 2967 566 3031 olim
603 2967 742 3032 atefacta
754 2963 942 3050 triumphis,

148 3048 249 3114 Ianua
263 3051 416 3135 Tarpeiae
437 3054 515 3116 nota
535 3074 579 3136 pu
605 3051 722 3135 bitiae,

103 3133 204 3200 Cuius
225 3135 365 3202 inaurati
388 3137 588 3201 celebrarunt
609 3135 721 3200 limina
742 3156 867 3220 currus,

150 3215 325 3304 Captorum
346 3221 485 3285 lacrimis
506 3221 614 3286 umida
635 3220 848 3305 supplicibus,

102 3301 203 3370 Nunc
224 3326 300 3390 ego,
322 3307 489 3370 nocturnis
511 3309 661 3390 potorum
683 3305 790 3370 saucia
811 3306 904 3390 rixis,
1009 3315 1029 3368 ὅ

149 3385 280 3453 Pulsate
300 3389 443 3474 indignis
466 3413 560 3476 saepe
582 3411 697 3475 queror
717 3391 880 3472 manibus,

101 3469 152 3537 Et
172 3471 252 3538 mihi
273 3496 341 3540 non
362 3475 477 3541 desunt
498 3479 606 3559 turpes
628 3476 767 3560 pendere
790 3473 929 3539 corollae
