2444 4056
192 249 255 296 xlv
563 235 776 294 PRAEFATIO.

192 405 266 464 dixit
280 401 492 462 Brambaehins
513 420 564 478 pg.
582 403 651 462 101.
681 401 852 463 Accusatiui
871 403 997 478 pluralis
1016 405 1050 464 in
1069 405 1097 466 is
1115 424 1164 464 ex·

191 490 290 548 euntis
305 488 440 562 exempla
454 485 513 544 nisi
528 485 644 561 quando
661 488 761 560 aperte
776 488 1056 546 commendarentur
1072 507 1159 548 sono-

191 591 259 631 rum
278 573 347 648 lege
367 588 427 630 non
443 570 519 640 ,duxi
539 569 709 641 retinenda,
729 587 769 629 ne
783 572 941 630 turbarent
954 571 1054 647 potius
1069 573 1157 630 intel-

190 657 304 714 lectum
323 673 412 731 quam
427 655 579 726 iuvarent,
602 671 668 712 eum
683 654 861 728 praesertim
876 655 908 713 in
921 655 968 714 his
983 659 1014 714 et
1028 657 1157 714 maxima

191 739 385 814 inaequalitas
406 741 437 796 et
456 737 579 796 minima
602 737 642 796 sit
665 735 738 796 fides
763 738 1019 813 membranarum
1045 757 1103 798 nec
1127 739 1154 796 id

190 825 301 882 mirum
322 842 389 884 oum
410 820 596 898 grammatici
615 821 675 879 iam
692 822 841 880 asseculo
856 839 883 879 a.
899 821 968 880 Chr.
982 825 1083 897 primo
1097 825 1152 881 ter·

190 908 369 968 minutiones
390 923 474 964 casus
495 923 584 980 quem
600 905 661 963 dixi
675 921 736 963 non
750 923 804 979 pro
819 904 920 965 vivido
933 905 1019 981 vulgi
1033 923 1091 965 usu
1105 909 1154 964 aut

191 991 322 1067 antiquis
348 991 380 1049 st
404 1006 464 1047 non
490 989 636 1063 corruptis
661 988 851 1064 ingeniorum
876 991 1078 1049 monumentis
1104 989 1153 1048 sed

191 1072 374 1135 scholasticis
395 1072 522 1148 argutiis
544 1073 575 1130 et
595 1089 631 1130 ex
646 1073 769 1131 arbitrio
785 1072 961 1147 plerumque
976 1071 1151 1131 definierint.

189 1157 254 1216 Hos
269 1157 295 1216 si
309 1155 473 1231 sequendos
489 1155 646 1228 duxissem,
658 1155 829 1230 praestabat
842 1155 960 1214 hercule
976 1156 1065 1217 scribi
1080 1157 1153 1216 sieut

190 1240 223 1298 in
238 1239 303 1298 edd.
320 1257 394 1298 saec.
409 1237 481 1298 XVI
495 1239 607 1298 factum
621 1241 730 1299 omneis
744 1239 850 1299 trietec's
858 1241 984 1313 pappele
998 1240 1117 1299 similia.

254 1323 298 1382 At
310 1325 475 1382 metrorum
488 1317 605 1398 legibus
617 1323 764 1382 stabilitas
775 1323 936 1398 scripturas
946 1327 1152 1398 praeterquam

191 1407 272 1482 qnod
290 1406 401 1482 ubique
419 1405 496 1464 illud
516 1411 557 1466 est
577 1409 608 1466 et
627 1405 784 1481 aliquando
805 1423 834 1467 os
853 1407 964 1482 legitur
984 1408 1152 1466 trementum

191 1491 363 1570 exhibemus
375 1490 564 1565 potissimum
574 1491 636 1551 has.
659 1489 805 1549 Omnibus
819 1491 1004 1566 reposuimus
1012 1491 1087 1550 locis
1102 1491 1153 1550 illa

189 1577 303 1647 nequis,
317 1575 418 1646 siquis,
434 1575 604 1646 msemqac‘s,
620 1577 800 1646 moeones,
818 1579 959 1646 maneae
977 1576 1094 1642 interea
1108 1576 1152 1634 in·

190 1663 282 1727 truse,
308 1657 431 1729 similia,
453 1656 489 1715 de
512 1656 618 1731 quibus
639 1656 765 1716 diximus
784 1657 854 1716 libri
872 1657 968 1716 nostri
988 1675 1058 1734 pgg.
1082 1659 1151 1730 371,

191 1743 263 1802 372.
292 1740 451 1801 Praeterea
470 1739 502 1798 id
522 1739 601 1815 quod
622 1743 668 1800 est
682 1741 761 1814 potis
781 1757 847 1802 snm
867 1738 961 1799 tutius
981 1741 1080 1800 visum
1095 1759 1151 1799 uno

188 1826 336 1886 vocabulo
350 1826 451 1885 efferri
465 1843 554 1901 quam
569 1825 695 1884 duobus.
724 1824 794 1884 Alia
808 1827 908 1882 autem
923 1825 1067 1899 quaedam
1082 1825 1151 1883 levi-

189 1913 255 1970 cula
265 1911 351 1969 iaoile
365 1911 424 1985 ipsi
438 1908 622 1984 deprenderit
635 1909 771 1968 lectores.

254 1993 313 2051 Sed
327 1994 449 2052 tandem
463 1992 622 2066 aliquando
637 1991 675 2050 ad
689 1993 755 2067 ipse
768 1990 882 2050 Valerii
896 1991 988 2052 verba
1001 1991 1152 2067 pervenis

189 2095 266 2134 mus.
867 2127 869 2129 ,

255 2161 335 2231 1,1.
364 2158 433 2232 qnci
450 2178 489 2230 v,
511 2159 563 2232 qai
576 2157 618 2231 V,
639 2160 687 2220 cni
708 2158 821 2219 Auson.
843 2176 914 2235 pgg.
938 2161 1007 2218 189.
1024 2159 1085 2218 332
1105 2159 1152 2218 ed.

189 2242 256 2316 Bip.
278 2238 334 2317 (ita
354 2242 444 2299 etiem
459 2241 621 2300 Vossianus
641 2240 731 2319 liber)
754 2247 785 2301 et
803 2242 935 2302 Isidorus
951 2241 1013 2316 -VI,
1038 2243 1094 2316 12,
1114 2243 1151 2321 33

190 2329 327 2384 ceterum
341 2325 374 2383 in
388 2325 520 2383 eiusdem
535 2323 687 2386 Guelferb.
703 2328 749 2386 est
762 2343 836 2387 noco
850 2322 950 2386 libelle.
1006 2341 1011 2344 ·

252 2409 293 2467 ib.
311 2409 339 2466 2.
362 2409 449 2468 arido
462 2410 545 2469 orode
554 2411 671 2485 pumice
687 2411 849 2483 expetitura.

251 2492 289 2551 In
310 2489 421 2550 Catulli
440 2493 524 2552 libris
545 2495 592 2552 est
611 2493 687 2552 illud
706 2495 789 2554 arido
810 2496 898 2570 etque
916 2493 959 2552 ita
980 2509 1080 2552 omnes
1099 2494 1151 2568 qui

188 2576 317 2634 afferunt
339 2576 418 2636 hunc
443 2594 563 2635 versum
583 2577 784 2654 grammatici,
806 2579 910 2650 etiam,
940 2579 964 2635 si
984 2575 1150 2637 Gaisiordio

187 2659 271 2732 fides,
287 2658 400 2720 Atilius
415 2679 465 2736 pg.
483 2661 542 2719 267
547 2662 574 2732 6,
591 2663 713 2736 excepto
728 2660 807 2735 quod
821 2661 853 2720 in
867 2660 976 2720 Isidori
992 2659 1054 2718 cod.
1069 2659 1149 2719 Pari·

188 2744 253 2803 sino
276 2743 358 2804 7582
379 2747 448 2819 post
466 2761 483 2804 o
502 2743 629 2802 habetur
648 2763 766 2817 rasura,
788 2746 823 2803 nt
841 2745 937 2818 possit
955 2742 1050 2802 videri
1068 2743 1148 2817 prius

188 2828 278 2888 fuisse
299 2845 328 2889 o.
361 2827 420 2888 Sed
441 2827 563 2887 Servius
585 2827 622 2885 ad
642 2847 706 2887 aen.
722 2824 795 2900 XII,
813 2829 873 2888 587
895 2827 1021 2898 adserit,
1044 2826 1148 2885 dixisse

188 2909 339 2970 Catullum
354 2913 503 2989 pumicem
524 2929 631 2988 genere
647 2911 805 2984 feminino,
828 2910 917 2986 idque
932 2927 1037 2970 rerum
1056 2909 1147 2968 iudice

186 2995 342 3068 euphonia.

250 3077 291 3135 ib.
316 3079 344 3136 9.
379 3079 566 3139 Schwabium
591 3079 685 3140 secuti
711 3079 898 3154 reposuimus
923 3078 955 3136 id
979 3075 1058 3151 quod
1082 3079 1145 3134 ente

186 3159 411 3220 Lachmannum
426 3162 579 3222 ferebatur
590 3165 793 3236 qualescanque
804 3163 880 3236 qnod
894 3179 910 3222 o
919 3161 1144 3235 patronarum,

186 3244 336 3318 additoe,
356 3245 436 3320 quod
459 3246 543 3304 abest
557 3265 575 3303 a
588 3247 683 3307 libris.
715 3247 760 3306 cf.
778 3249 828 3320 61,
847 3247 924 3320 1173
944 3243 1039 3320 priap.
1055 3243 1101 3315 84,
1117 3243 1144 3302 2.

187 3328 239 3400 85,
258 3331 284 3385 1.
315 3329 430 3403 Nempe
445 3328 666 3405 heremannus,
688 3331 739 3406 qui
754 3332 784 3389 et
798 3331 867 3406 post
881 3332 1018 3388 octavum
1033 3344 1145 3385 versum

186 3414 220 3469 et
238 3406 307 3486 post
327 3411 457 3471 medium
477 3431 591 3471 nonum
611 3413 748 3472 lacunam
762 3414 864 3473 adesse
880 3411 937 3470 sibi
951 3410 1095 3486 persuasit
1113 3427 1145 3466 ea

187 3494 380 3568 potissimum
400 3513 433 3554 re
454 3495 614 3571 perductus
636 3497 762 3556 adhunc
777 3495 955 3554 sententiam
970 3493 1086 3553 videtur
1099 3492 1143 3550 do-
