<?xml version="1.0" encoding="UTF-8"?>
<!DOCTYPE html PUBLIC "-//W3C//DTD XHTML 1.0 Transitional//EN"
    "http://www.w3.org/TR/xhtml1/DTD/xhtml1-transitional.dtd">
<html xmlns="http://www.w3.org/1999/xhtml" xml:lang="en" lang="en">
 <head>
  <title>
</title>
<meta http-equiv="Content-Type" content="text/html;charset=utf-8" />
  <meta name='ocr-system' content='tesseract 3.04.00' />
  <meta name='ocr-capabilities' content='ocr_page ocr_carea ocr_par ocr_line ocrx_word'/>
</head>
<body>
  <div class='ocr_page' id='page_1' title='image "./catvllitibvllip00priagoog_0091.png"; bbox 0 0 2470 4010; ppageno 0'>
   <div class='ocr_carea' id='block_1_1' title="bbox 358 244 613 302">
    <p class='ocr_par' dir='ltr' id='par_1_1' title="bbox 358 244 613 302">
     <span class='ocr_line' id='line_1_1' title="bbox 358 244 613 302; baseline 0.012 -2"><span class='ocrx_word' id='word_1_1' title='bbox 358 251 360 259; x_wconf 82' lang='grc'><strong>“</strong></span> <span class='ocrx_word' id='word_1_2' title='bbox 400 244 613 302; x_wconf 80' lang='lat' dir='ltr'><strong>PRAEFATIO.</strong></span> 
     </span>
    </p>
   </div>
   <div class='ocr_carea' id='block_1_2' title="bbox 73 491 813 604">
    <p class='ocr_par' dir='ltr' id='par_1_2' title="bbox 73 491 813 604">
     <span class='ocr_line' id='line_1_2' title="bbox 73 491 813 604; baseline -0.001 0"><span class='ocrx_word' id='word_1_3' title='bbox 73 491 75 505; x_wconf 76' lang='lat'>&#39;</span> <span class='ocrx_word' id='word_1_4' title='bbox 199 527 264 604; x_wconf 83' lang='lat' dir='ltr'>ou</span> <span class='ocrx_word' id='word_1_5' title='bbox 290 527 470 603; x_wconf 80' lang='lat' dir='ltr'>narare</span> <span class='ocrx_word' id='word_1_6' title='bbox 495 492 813 603; x_wconf 76' lang='lat' dir='ltr'>rencrocvu.</span> 
     </span>
    </p>
   </div>
   <div class='ocr_carea' id='block_1_3' title="bbox 35 715 988 1468">
    <p class='ocr_par' dir='ltr' id='par_1_3' title="bbox 35 715 988 1365">
     <span class='ocr_line' id='line_1_3' title="bbox 88 715 987 795; baseline 0.003 -20"><span class='ocrx_word' id='word_1_7' title='bbox 88 716 282 795; x_wconf 85' lang='lat' dir='ltr'>Priapeorum</span> <span class='ocrx_word' id='word_1_8' title='bbox 307 720 404 776; x_wconf 81' lang='lat' dir='ltr'>metra</span> <span class='ocrx_word' id='word_1_9' title='bbox 427 715 485 776; x_wconf 83' lang='lat' dir='ltr'>etei</span> <span class='ocrx_word' id='word_1_10' title='bbox 511 734 573 776; x_wconf 91' lang='lat' dir='ltr'>non</span> <span class='ocrx_word' id='word_1_11' title='bbox 593 716 652 775; x_wconf 86' lang='lat' dir='ltr'>aha</span> <span class='ocrx_word' id='word_1_12' title='bbox 672 715 876 792; x_wconf 85' lang='lat' dir='ltr'>reperiuntur,</span> <span class='ocrx_word' id='word_1_13' title='bbox 898 737 987 792; x_wconf 87' lang='lat' dir='ltr'>quem</span> 
     </span>
     <span class='ocr_line' id='line_1_4' title="bbox 35 799 987 879; baseline 0.004 -21"><span class='ocrx_word' id='word_1_14' title='bbox 35 821 100 876; x_wconf 87' lang='lat' dir='ltr'>quae</span> <span class='ocrx_word' id='word_1_15' title='bbox 124 804 157 861; x_wconf 88' lang='lat' dir='ltr'>in</span> <span class='ocrx_word' id='word_1_16' title='bbox 180 802 327 879; x_wconf 87' lang='lat' dir='ltr'>poematis</span> <span class='ocrx_word' id='word_1_17' title='bbox 353 800 543 874; x_wconf 71' lang='lat' dir='ltr'>Catullinum,</span> <span class='ocrx_word' id='word_1_18' title='bbox 571 799 692 877; x_wconf 90' lang='lat' dir='ltr'>proprio</span> <span class='ocrx_word' id='word_1_19' title='bbox 716 803 818 860; x_wconf 85' lang='lat' dir='ltr'>tamen</span> <span class='ocrx_word' id='word_1_20' title='bbox 846 803 987 876; x_wconf 87' lang='lat' dir='ltr'>opusculo</span> 
     </span>
     <span class='ocr_line' id='line_1_5' title="bbox 35 885 987 962; baseline 0.002 -20"><span class='ocrx_word' id='word_1_21' title='bbox 35 888 145 944; x_wconf 80' lang='lat' dir='ltr'>tractari</span> <span class='ocrx_word' id='word_1_22' title='bbox 159 887 280 961; x_wconf 83' lang='lat' dir='ltr'>placuit,</span> <span class='ocrx_word' id='word_1_23' title='bbox 296 903 354 962; x_wconf 90' lang='lat' dir='ltr'>quo</span> <span class='ocrx_word' id='word_1_24' title='bbox 369 886 476 946; x_wconf 83' lang='lat' dir='ltr'>melius</span> <span class='ocrx_word' id='word_1_25' title='bbox 490 885 665 962; x_wconf 82' lang='lat' dir='ltr'><strong>pleniusque</strong></span> <span class='ocrx_word' id='word_1_26' title='bbox 680 904 729 944; x_wconf 82' lang='lat' dir='ltr'>ars</span> <span class='ocrx_word' id='word_1_27' title='bbox 739 903 843 944; x_wconf 89' lang='lat' dir='ltr'>eorum</span> <span class='ocrx_word' id='word_1_28' title='bbox 854 904 888 944; x_wconf 86' lang='lat' dir='ltr'>ac</span> <span class='ocrx_word' id='word_1_29' title='bbox 897 886 987 960; x_wconf 88' lang='lat' dir='ltr'>nitor,</span> 
     </span>
     <span class='ocr_line' id='line_1_6' title="bbox 36 969 987 1046; baseline 0.004 -18"><span class='ocrx_word' id='word_1_30' title='bbox 36 971 133 1044; x_wconf 83' lang='lat' dir='ltr'>quibus</span> <span class='ocrx_word' id='word_1_31' title='bbox 146 971 311 1046; x_wconf 89' lang='lat' dir='ltr'>plurimum</span> <span class='ocrx_word' id='word_1_32' title='bbox 325 973 469 1046; x_wconf 90' lang='lat' dir='ltr'>superant</span> <span class='ocrx_word' id='word_1_33' title='bbox 479 972 614 1031; x_wconf 86' lang='lat' dir='ltr'>cantores</span> <span class='ocrx_word' id='word_1_34' title='bbox 619 969 829 1046; x_wconf 76' lang='lat' dir='ltr'>Euphorionis,</span> <span class='ocrx_word' id='word_1_35' title='bbox 841 971 879 1029; x_wconf 88' lang='lat' dir='ltr'>ab</span> <span class='ocrx_word' id='word_1_36' title='bbox 894 971 987 1032; x_wconf 86' lang='lat' dir='ltr'>omni·</span> 
     </span>
     <span class='ocr_line' id='line_1_7' title="bbox 36 1053 986 1131; baseline 0.004 -21"><span class='ocrx_word' id='word_1_37' title='bbox 36 1054 83 1112; x_wconf 87' lang='lat' dir='ltr'>bus</span> <span class='ocrx_word' id='word_1_38' title='bbox 101 1055 350 1130; x_wconf 79' lang='lat' dir='ltr'>perspicerentur.</span> <span class='ocrx_word' id='word_1_39' title='bbox 380 1053 522 1114; x_wconf 81' lang='lat' dir='ltr'>Getarum</span> <span class='ocrx_word' id='word_1_40' title='bbox 536 1054 616 1130; x_wconf 82' lang='lat' dir='ltr'>quod</span> <span class='ocrx_word' id='word_1_41' title='bbox 634 1055 718 1114; x_wconf 83' lang='lat' dir='ltr'>fuere</span> <span class='ocrx_word' id='word_1_42' title='bbox 738 1072 833 1131; x_wconf 84' lang='lat' dir='ltr'>pauca</span> <span class='ocrx_word' id='word_1_43' title='bbox 851 1073 986 1128; x_wconf 89' lang='lat' dir='ltr'>numero,</span> 
     </span>
     <span class='ocr_line' id='line_1_8' title="bbox 36 1139 987 1216; baseline 0.001 -20"><span class='ocrx_word' id='word_1_44' title='bbox 36 1156 190 1215; x_wconf 79' lang='lat' dir='ltr'>congruum</span> <span class='ocrx_word' id='word_1_45' title='bbox 203 1139 236 1198; x_wconf 87' lang='lat' dir='ltr'>id</span> <span class='ocrx_word' id='word_1_46' title='bbox 250 1139 309 1198; x_wconf 84' lang='lat' dir='ltr'>fnit</span> <span class='ocrx_word' id='word_1_47' title='bbox 321 1140 487 1198; x_wconf 88' lang='lat' dir='ltr'>rationibus</span> <span class='ocrx_word' id='word_1_48' title='bbox 498 1142 654 1214; x_wconf 88' lang='lat' dir='ltr'>poctarum</span> <span class='ocrx_word' id='word_1_49' title='bbox 659 1139 797 1216; x_wconf 72' lang='lat' dir='ltr'>Augusto</span> <span class='ocrx_word' id='word_1_50' title='bbox 809 1139 987 1215; x_wconf 78' lang='lat' dir='ltr'>aequalium,</span> 
     </span>
     <span class='ocr_line' id='line_1_9' title="bbox 36 1223 988 1300; baseline 0.004 -21"><span class='ocrx_word' id='word_1_51' title='bbox 36 1224 111 1283; x_wconf 87' lang='lat' dir='ltr'>cuius</span> <span class='ocrx_word' id='word_1_52' title='bbox 129 1226 225 1283; x_wconf 85' lang='lat' dir='ltr'>aetate</span> <span class='ocrx_word' id='word_1_53' title='bbox 246 1225 330 1284; x_wconf 90' lang='lat' dir='ltr'>lusus</span> <span class='ocrx_word' id='word_1_54' title='bbox 350 1224 398 1282; x_wconf 90' lang='lat' dir='ltr'>illi</span> <span class='ocrx_word' id='word_1_55' title='bbox 416 1241 590 1300; x_wconf 80' lang='lat' dir='ltr'>provenere.</span> <span class='ocrx_word' id='word_1_56' title='bbox 620 1223 720 1283; x_wconf 85' lang='lat' dir='ltr'>Habes</span> <span class='ocrx_word' id='word_1_57' title='bbox 741 1226 841 1284; x_wconf 87' lang='lat' dir='ltr'>autem</span> <span class='ocrx_word' id='word_1_58' title='bbox 861 1224 933 1284; x_wconf 83' lang='lat' dir='ltr'>hoec</span> <span class='ocrx_word' id='word_1_59' title='bbox 954 1242 988 1283; x_wconf 91' lang='lat' dir='ltr'>ac</span> 
     </span>
     <span class='ocr_line' id='line_1_10' title="bbox 36 1308 113 1365; baseline 0 0"><span class='ocrx_word' id='word_1_60' title='bbox 36 1308 113 1365; x_wconf 79' lang='lat' dir='ltr'>telio:</span> 
     </span>
    </p>

    <p class='ocr_par' dir='ltr' id='par_1_4' title="bbox 90 1409 280 1468">
     <span class='ocr_line' id='line_1_11' title="bbox 90 1409 280 1468; baseline 0.005 -2"><span class='ocrx_word' id='word_1_61' title='bbox 90 1409 114 1467; x_wconf 91' lang='lat' dir='ltr'>I.</span> <span class='ocrx_word' id='word_1_62' title='bbox 136 1409 280 1468; x_wconf 78' lang='lat' dir='ltr'>Disticha.</span> 
     </span>
    </p>
   </div>
   <div class='ocr_carea' id='block_1_4' title="bbox 35 1711 989 1874">
    <p class='ocr_par' dir='ltr' id='par_1_5' title="bbox 35 1711 989 1874">
     <span class='ocr_line' id='line_1_12' title="bbox 93 1711 989 1788; baseline -0.003 -15"><span class='ocrx_word' id='word_1_63' title='bbox 93 1713 235 1774; x_wconf 79' lang='lat' dir='ltr'>Caesurae</span> <span class='ocrx_word' id='word_1_64' title='bbox 245 1713 410 1772; x_wconf 80' lang='lat' dir='ltr'>hexametri</span> <span class='ocrx_word' id='word_1_65' title='bbox 425 1715 495 1771; x_wconf 89' lang='lat' dir='ltr'>sunt</span> <span class='ocrx_word' id='word_1_66' title='bbox 505 1715 557 1770; x_wconf 89' lang='lat' dir='ltr'>aut</span> <span class='ocrx_word' id='word_1_67' title='bbox 567 1711 817 1788; x_wconf 84' lang='lat' dir='ltr'>penthemimeres</span> <span class='ocrx_word' id='word_1_68' title='bbox 833 1715 884 1772; x_wconf 85' lang='lat' dir='ltr'>aut</span> <span class='ocrx_word' id='word_1_69' title='bbox 898 1711 989 1787; x_wconf 87' lang='lat' dir='ltr'>heph-</span> 
     </span>
     <span class='ocr_line' id='line_1_13' title="bbox 35 1797 505 1874; baseline -0.002 -19"><span class='ocrx_word' id='word_1_70' title='bbox 35 1798 216 1860; x_wconf 83' lang='lat' dir='ltr'>themimeres</span> <span class='ocrx_word' id='word_1_71' title='bbox 232 1801 263 1857; x_wconf 90' lang='lat' dir='ltr'>et</span> <span class='ocrx_word' id='word_1_72' title='bbox 277 1797 398 1874; x_wconf 85' lang='lat' dir='ltr'>quidem</span> <span class='ocrx_word' id='word_1_73' title='bbox 412 1797 505 1855; x_wconf 85' lang='lat' dir='ltr'>tales:</span> 
     </span>
    </p>
   </div>
   <div class='ocr_carea' id='block_1_5' title="bbox 35 2214 988 2902">
    <p class='ocr_par' dir='ltr' id='par_1_6' title="bbox 112 2214 812 2297">
     <span class='ocr_line' id='line_1_14' title="bbox 112 2214 812 2297; baseline -0.006 -17"><span class='ocrx_word' id='word_1_74' title='bbox 112 2221 249 2280; x_wconf 87' lang='lat' dir='ltr'>carminis</span> <span class='ocrx_word' id='word_1_75' title='bbox 263 2219 408 2294; x_wconf 82' lang='lat' dir='ltr'>incompti</span> <span class='ocrx_word' id='word_1_76' title='bbox 427 2214 432 2297; x_wconf 99' lang='grc' dir='ltr'>Ι</span> <span class='ocrx_word' id='word_1_77' title='bbox 450 2218 534 2277; x_wconf 86' lang='lat' dir='ltr'>lusus</span> <span class='ocrx_word' id='word_1_78' title='bbox 549 2218 660 2276; x_wconf 87' lang='lat' dir='ltr'>lecture</span> <span class='ocrx_word' id='word_1_79' title='bbox 674 2235 812 2293; x_wconf 86' lang='lat' dir='ltr'>procaces</span> 
     </span>
    </p>

    <p class='ocr_par' dir='ltr' id='par_1_7' title="bbox 112 2297 841 2380">
     <span class='ocr_line' id='line_1_15' title="bbox 112 2297 841 2380; baseline -0.007 -16"><span class='ocrx_word' id='word_1_80' title='bbox 112 2305 216 2365; x_wconf 81' lang='lat' dir='ltr'>vilicus</span> <span class='ocrx_word' id='word_1_81' title='bbox 232 2307 331 2364; x_wconf 77' lang='lat' dir='ltr'>aerari</span> <span class='ocrx_word' id='word_1_82' title='bbox 344 2302 503 2379; x_wconf 85' lang='lat' dir='ltr'>quondam,</span> <span class='ocrx_word' id='word_1_83' title='bbox 523 2297 528 2380; x_wconf 87' lang='grc' dir='ltr'>Ι</span> <span class='ocrx_word' id='word_1_84' title='bbox 547 2320 626 2360; x_wconf 89' lang='lat' dir='ltr'>nuno</span> <span class='ocrx_word' id='word_1_85' title='bbox 641 2302 737 2360; x_wconf 84' lang='lat' dir='ltr'>cultor</span> <span class='ocrx_word' id='word_1_86' title='bbox 751 2303 841 2378; x_wconf 83' lang='lat' dir='ltr'>agelli</span> 
     </span>
    </p>

    <p class='ocr_par' dir='ltr' id='par_1_8' title="bbox 111 2381 824 2466">
     <span class='ocr_line' id='line_1_16' title="bbox 111 2381 824 2466; baseline -0.006 -18"><span class='ocrx_word' id='word_1_87' title='bbox 111 2390 184 2449; x_wconf 81' lang='lat' dir='ltr'>falce</span> <span class='ocrx_word' id='word_1_88' title='bbox 198 2390 300 2449; x_wconf 81' lang='lat' dir='ltr'>minax</span> <span class='ocrx_word' id='word_1_89' title='bbox 318 2383 323 2466; x_wconf 99' lang='grc' dir='ltr'>Ι</span> <span class='ocrx_word' id='word_1_90' title='bbox 342 2390 374 2446; x_wconf 91' lang='lat' dir='ltr'>et</span> <span class='ocrx_word' id='word_1_91' title='bbox 381 2392 468 2462; x_wconf 75' lang='lat' dir='ltr'>parte</span> <span class='ocrx_word' id='word_1_92' title='bbox 482 2386 527 2444; x_wconf 87' lang='lat' dir='ltr'>tui</span> <span class='ocrx_word' id='word_1_93' title='bbox 547 2381 551 2464; x_wconf 97' lang='grc' dir='ltr'>Ι</span> <span class='ocrx_word' id='word_1_94' title='bbox 570 2385 692 2458; x_wconf 83' lang='lat' dir='ltr'>maiore,</span> <span class='ocrx_word' id='word_1_95' title='bbox 707 2386 824 2462; x_wconf 87' lang='lat' dir='ltr'>Priapo.</span> 
     </span>
    </p>

    <p class='ocr_par' dir='ltr' id='par_1_9' title="bbox 35 2482 988 2902">
     <span class='ocr_line' id='line_1_17' title="bbox 93 2482 987 2566; baseline -0.003 -17"><span class='ocrx_word' id='word_1_96' title='bbox 93 2490 230 2550; x_wconf 82' lang='lat' dir='ltr'>Ceterum</span> <span class='ocrx_word' id='word_1_97' title='bbox 243 2491 333 2565; x_wconf 84' lang='lat' dir='ltr'>longe</span> <span class='ocrx_word' id='word_1_98' title='bbox 348 2487 501 2564; x_wconf 83' lang='lat' dir='ltr'>praevolet</span> <span class='ocrx_word' id='word_1_99' title='bbox 510 2487 760 2563; x_wconf 86' lang='lat' dir='ltr'>penthemimeres</span> <span class='ocrx_word' id='word_1_100' title='bbox 774 2482 987 2566; x_wconf 83' lang='lat' dir='ltr'>[d.r.m.197].</span> 
     </span>
     <span class='ocr_line' id='line_1_18' title="bbox 35 2559 988 2650; baseline -0.002 -18"><span class='ocrx_word' id='word_1_101' title='bbox 35 2607 71 2615; x_wconf 94' lang='grc'>-</span> <span class='ocrx_word' id='word_1_102' title='bbox 84 2574 175 2634; x_wconf 90' lang='lat' dir='ltr'>Porro</span> <span class='ocrx_word' id='word_1_103' title='bbox 188 2593 336 2650; x_wconf 75' lang='lat' dir='ltr'>nusquam</span> <span class='ocrx_word' id='word_1_104' title='bbox 350 2591 404 2648; x_wconf 88' lang='lat' dir='ltr'>pes</span> <span class='ocrx_word' id='word_1_105' title='bbox 419 2573 564 2634; x_wconf 86' lang='lat' dir='ltr'>secundus</span> <span class='ocrx_word' id='word_1_106' title='bbox 584 2559 729 2632; x_wconf 75' lang='lat' dir='ltr'>rooabrilo</span> <span class='ocrx_word' id='word_1_107' title='bbox 750 2572 919 2631; x_wconf 85' lang='lat' dir='ltr'>continetur</span> <span class='ocrx_word' id='word_1_108' title='bbox 938 2572 988 2630; x_wconf 87' lang='lat' dir='ltr'>da-</span> 
     </span>
     <span class='ocr_line' id='line_1_19' title="bbox 35 2656 987 2733; baseline 0.001 -18"><span class='ocrx_word' id='word_1_109' title='bbox 35 2660 148 2733; x_wconf 83' lang='lat' dir='ltr'>ctylico,</span> <span class='ocrx_word' id='word_1_110' title='bbox 163 2677 218 2718; x_wconf 91' lang='lat' dir='ltr'>nec</span> <span class='ocrx_word' id='word_1_111' title='bbox 231 2660 265 2718; x_wconf 90' lang='lat' dir='ltr'>in</span> <span class='ocrx_word' id='word_1_112' title='bbox 278 2658 337 2718; x_wconf 91' lang='lat' dir='ltr'>fine</span> <span class='ocrx_word' id='word_1_113' title='bbox 351 2677 455 2719; x_wconf 84' lang='lat' dir='ltr'>versus</span> <span class='ocrx_word' id='word_1_114' title='bbox 470 2675 595 2732; x_wconf 87' lang='lat' dir='ltr'>usquam</span> <span class='ocrx_word' id='word_1_115' title='bbox 609 2657 779 2728; x_wconf 87' lang='lat' dir='ltr'>turbatum,</span> <span class='ocrx_word' id='word_1_116' title='bbox 795 2656 874 2714; x_wconf 87' lang='lat' dir='ltr'>unde</span> <span class='ocrx_word' id='word_1_117' title='bbox 888 2657 987 2716; x_wconf 86' lang='lat' dir='ltr'>nullas</span> 
     </span>
     <span class='ocr_line' id='line_1_20' title="bbox 35 2740 987 2818; baseline -0.001 -20"><span class='ocrx_word' id='word_1_118' title='bbox 35 2745 161 2804; x_wconf 78' lang='lat' dir='ltr'>exeuntis</span> <span class='ocrx_word' id='word_1_119' title='bbox 174 2744 267 2802; x_wconf 88' lang='lat' dir='ltr'>metri</span> <span class='ocrx_word' id='word_1_120' title='bbox 280 2742 372 2802; x_wconf 83' lang='lat' dir='ltr'>habes</span> <span class='ocrx_word' id='word_1_121' title='bbox 393 2742 505 2818; x_wconf 90' lang='lat' dir='ltr'>species</span> <span class='ocrx_word' id='word_1_122' title='bbox 525 2742 584 2801; x_wconf 85' lang='lat' dir='ltr'>nisi</span> <span class='ocrx_word' id='word_1_123' title='bbox 602 2741 670 2814; x_wconf 87' lang='lat' dir='ltr'>has,</span> <span class='ocrx_word' id='word_1_124' title='bbox 691 2757 764 2816; x_wconf 88' lang='lat' dir='ltr'>quas</span> <span class='ocrx_word' id='word_1_125' title='bbox 784 2741 919 2816; x_wconf 80' lang='lat' dir='ltr'>legitime</span> <span class='ocrx_word' id='word_1_126' title='bbox 938 2740 987 2798; x_wconf 87' lang='lat' dir='ltr'>ad-</span> 
     </span>
     <span class='ocr_line' id='line_1_21' title="bbox 35 2824 861 2902; baseline -0.004 -18"><span class='ocrx_word' id='word_1_127' title='bbox 35 2829 106 2887; x_wconf 85' lang='lat' dir='ltr'>mitti</span> <span class='ocrx_word' id='word_1_128' title='bbox 124 2827 288 2888; x_wconf 79' lang='lat' dir='ltr'>memoravi</span> <span class='ocrx_word' id='word_1_129' title='bbox 304 2845 401 2902; x_wconf 87' lang='lat' dir='ltr'>supra,</span> <span class='ocrx_word' id='word_1_130' title='bbox 418 2826 489 2885; x_wconf 87' lang='lat' dir='ltr'>duni</span> <span class='ocrx_word' id='word_1_131' title='bbox 504 2824 615 2885; x_wconf 78' lang='lat' dir='ltr'>Catulli</span> <span class='ocrx_word' id='word_1_132' title='bbox 630 2827 726 2884; x_wconf 84' lang='lat' dir='ltr'>artem</span> <span class='ocrx_word' id='word_1_133' title='bbox 740 2842 861 2883; x_wconf 87' lang='lat' dir='ltr'>enarro:</span> 
     </span>
    </p>
   </div>
   <div class='ocr_carea' id='block_1_6' title="bbox 106 2925 890 3344">
    <p class='ocr_par' dir='ltr' id='par_1_10' title="bbox 106 2925 890 3344">
     <span class='ocr_line' id='line_1_22' title="bbox 108 2925 890 3003; baseline -0.009 -14"><span class='ocrx_word' id='word_1_134' title='bbox 108 2947 163 2990; x_wconf 88' lang='lat' dir='ltr'>nec</span> <span class='ocrx_word' id='word_1_135' title='bbox 176 2929 296 2989; x_wconf 83' lang='lat' dir='ltr'>Mavors</span> <span class='ocrx_word' id='word_1_136' title='bbox 310 2928 398 2986; x_wconf 87' lang='lat' dir='ltr'>illum</span> <span class='ocrx_word' id='word_1_137' title='bbox 412 2946 466 3003; x_wconf 89' lang='lat' dir='ltr'>per</span> <span class='ocrx_word' id='word_1_138' title='bbox 479 2945 569 3002; x_wconf 88' lang='lat' dir='ltr'>quem</span> <span class='ocrx_word' id='word_1_139' title='bbox 584 2927 665 2986; x_wconf 83' lang='lat' dir='ltr'>valet</span> <span class='ocrx_word' id='word_1_140' title='bbox 679 2925 780 2986; x_wconf 71' lang='lat' dir='ltr'>occulit</span> <span class='ocrx_word' id='word_1_141' title='bbox 794 2939 890 2983; x_wconf 77' lang='lat' dir='ltr'>casem</span> 
     </span>
     <span class='ocr_line' id='line_1_23' title="bbox 110 3009 852 3086; baseline -0.008 -12"><span class='ocrx_word' id='word_1_142' title='bbox 110 3033 163 3074; x_wconf 90' lang='lat' dir='ltr'>our</span> <span class='ocrx_word' id='word_1_143' title='bbox 179 3015 323 3074; x_wconf 89' lang='lat' dir='ltr'>obscaena</span> <span class='ocrx_word' id='word_1_144' title='bbox 336 3011 411 3070; x_wconf 89' lang='lat' dir='ltr'>mihi</span> <span class='ocrx_word' id='word_1_145' title='bbox 425 3029 493 3086; x_wconf 89' lang='lat' dir='ltr'>pars</span> <span class='ocrx_word' id='word_1_146' title='bbox 509 3011 549 3069; x_wconf 85' lang='lat' dir='ltr'>sit</span> <span class='ocrx_word' id='word_1_147' title='bbox 563 3009 626 3069; x_wconf 88' lang='lat' dir='ltr'>sine</span> <span class='ocrx_word' id='word_1_148' title='bbox 640 3013 714 3068; x_wconf 76' lang='lat' dir='ltr'>caete</span> <span class='ocrx_word' id='word_1_149' title='bbox 727 3011 852 3081; x_wconf 69' lang='lat' dir='ltr'>requiris</span> 
     </span>
     <span class='ocr_line' id='line_1_24' title="bbox 108 3093 888 3173; baseline -0.008 -15"><span class='ocrx_word' id='word_1_150' title='bbox 108 3117 176 3159; x_wconf 93' lang='lat' dir='ltr'>cum</span> <span class='ocrx_word' id='word_1_151' title='bbox 190 3099 306 3173; x_wconf 89' lang='lat' dir='ltr'>loquor,</span> <span class='ocrx_word' id='word_1_152' title='bbox 321 3115 381 3155; x_wconf 84' lang='lat' dir='ltr'>une</span> <span class='ocrx_word' id='word_1_153' title='bbox 395 3095 468 3153; x_wconf 91' lang='lat' dir='ltr'>mihi</span> <span class='ocrx_word' id='word_1_154' title='bbox 482 3097 622 3170; x_wconf 88' lang='lat' dir='ltr'>peccatur</span> <span class='ocrx_word' id='word_1_155' title='bbox 635 3093 752 3151; x_wconf 88' lang='lat' dir='ltr'>littera:</span> <span class='ocrx_word' id='word_1_156' title='bbox 768 3110 841 3152; x_wconf 81' lang='lat' dir='ltr'>com</span> <span class='ocrx_word' id='word_1_157' title='bbox 853 3099 888 3152; x_wconf 86' lang='lat' dir='ltr'>tc.</span> 
     </span>
     <span class='ocr_line' id='line_1_25' title="bbox 107 3178 882 3257; baseline -0.01 -14"><span class='ocrx_word' id='word_1_158' title='bbox 107 3185 232 3244; x_wconf 85' lang='lat' dir='ltr'>obscure</span> <span class='ocrx_word' id='word_1_159' title='bbox 247 3183 383 3257; x_wconf 86' lang='lat' dir='ltr'>poteram</span> <span class='ocrx_word' id='word_1_160' title='bbox 397 3180 453 3238; x_wconf 86' lang='lat' dir='ltr'>tibi</span> <span class='ocrx_word' id='word_1_161' title='bbox 468 3179 581 3238; x_wconf 87' lang='lat' dir='ltr'>dicere:</span> <span class='ocrx_word' id='word_1_162' title='bbox 603 3179 643 3236; x_wconf 81' lang='lat' dir='ltr'>da</span> <span class='ocrx_word' id='word_1_163' title='bbox 657 3178 738 3251; x_wconf 78' lang='lat' dir='ltr'>miti,</span> <span class='ocrx_word' id='word_1_164' title='bbox 753 3178 834 3253; x_wconf 86' lang='lat' dir='ltr'>quod</span> <span class='ocrx_word' id='word_1_165' title='bbox 848 3181 882 3236; x_wconf 89' lang='lat' dir='ltr'>tu</span> 
     </span>
     <span class='ocr_line' id='line_1_26' title="bbox 106 3263 820 3344; baseline -0.008 -18"><span class='ocrx_word' id='word_1_166' title='bbox 106 3286 183 3344; x_wconf 89' lang='lat' dir='ltr'>quac</span> <span class='ocrx_word' id='word_1_167' title='bbox 199 3267 225 3326; x_wconf 86' lang='lat' dir='ltr'>si</span> <span class='ocrx_word' id='word_1_168' title='bbox 239 3265 406 3343; x_wconf 83' lang='lat' dir='ltr'>perdidero,</span> <span class='ocrx_word' id='word_1_169' title='bbox 422 3264 521 3340; x_wconf 88' lang='lat' dir='ltr'>patria</span> <span class='ocrx_word' id='word_1_170' title='bbox 535 3263 683 3323; x_wconf 75' lang='lat' dir='ltr'>multator</span> <span class='ocrx_word' id='word_1_171' title='bbox 697 3266 724 3322; x_wconf 84' lang='lat' dir='ltr'>ct</span> <span class='ocrx_word' id='word_1_172' title='bbox 739 3263 820 3321; x_wconf 89' lang='lat' dir='ltr'>olim.</span> 
     </span>
    </p>
   </div>
   <div class='ocr_carea' id='block_1_7' title="bbox 35 3363 987 3528">
    <p class='ocr_par' dir='ltr' id='par_1_11' title="bbox 35 3363 987 3528">
     <span class='ocr_line' id='line_1_27' title="bbox 84 3363 987 3456; baseline -0.008 -27"><span class='ocrx_word' id='word_1_173' title='bbox 84 3369 273 3429; x_wconf 83' lang='lat' dir='ltr'>Pentametri</span> <span class='ocrx_word' id='word_1_174' title='bbox 292 3366 423 3456; x_wconf 76' lang='lat' dir='ltr'>optimus</span> <span class='ocrx_word' id='word_1_175' title='bbox 441 3366 510 3427; x_wconf 86' lang='lat' dir='ltr'>finis</span> <span class='ocrx_word' id='word_1_176' title='bbox 524 3365 550 3425; x_wconf 87' lang='lat' dir='ltr'>ie</span> <span class='ocrx_word' id='word_1_177' title='bbox 565 3365 620 3438; x_wconf 89' lang='lat' dir='ltr'>est,</span> <span class='ocrx_word' id='word_1_178' title='bbox 641 3368 676 3423; x_wconf 88' lang='lat' dir='ltr'>ut</span> <span class='ocrx_word' id='word_1_179' title='bbox 693 3363 830 3422; x_wconf 86' lang='lat' dir='ltr'>cludatur</span> <span class='ocrx_word' id='word_1_180' title='bbox 842 3363 987 3424; x_wconf 83' lang='lat' dir='ltr'>vocabulo</span> 
     </span>
     <span class='ocr_line' id='line_1_28' title="bbox 35 3447 987 3528; baseline -0.003 -21"><span class='ocrx_word' id='word_1_181' title='bbox 35 3456 159 3526; x_wconf 78' lang='lat' dir='ltr'>ambico,</span> <span class='ocrx_word' id='word_1_182' title='bbox 174 3451 371 3528; x_wconf 85' lang='lat' dir='ltr'>praecedente</span> <span class='ocrx_word' id='word_1_183' title='bbox 386 3469 420 3510; x_wconf 94' lang='lat' dir='ltr'>eo</span> <span class='ocrx_word' id='word_1_184' title='bbox 432 3450 512 3528; x_wconf 83' lang='lat' dir='ltr'>quod</span> <span class='ocrx_word' id='word_1_185' title='bbox 527 3453 612 3510; x_wconf 82' lang='lat' dir='ltr'>exeat</span> <span class='ocrx_word' id='word_1_186' title='bbox 622 3450 655 3510; x_wconf 90' lang='lat' dir='ltr'>in</span> <span class='ocrx_word' id='word_1_187' title='bbox 665 3448 838 3508; x_wconf 86' lang='lat' dir='ltr'>trochaeum</span> <span class='ocrx_word' id='word_1_188' title='bbox 849 3447 898 3507; x_wconf 82' lang='lat' dir='ltr'>rel</span> <span class='ocrx_word' id='word_1_189' title='bbox 908 3447 987 3505; x_wconf 85' lang='lat' dir='ltr'>binis</span> 
     </span>
    </p>
   </div>
   <div class='ocr_carea' id='block_1_8' title="bbox 35 3538 252 3615">
    <p class='ocr_par' dir='ltr' id='par_1_12' title="bbox 35 3538 252 3615">
     <span class='ocr_line' id='line_1_29' title="bbox 35 3538 252 3615; baseline 0 -20"><span class='ocrx_word' id='word_1_190' title='bbox 35 3538 252 3615; x_wconf 82' lang='lat' dir='ltr'>monosyllabis:</span> 
     </span>
    </p>
   </div>
   <div class='ocr_carea' id='block_1_9' title="bbox 0 0 1240 4010">
    <p class='ocr_par' dir='ltr' id='par_1_13' title="bbox 0 0 1240 4010">
     <span class='ocr_line' id='line_1_30' title="bbox 0 0 1240 4010; baseline 0 0"><span class='ocrx_word' id='word_1_191' title='bbox 0 0 1240 4010; x_wconf 95' lang='lat' dir='ltr'> </span> 
     </span>
    </p>
   </div>
  </div>
 </body>
</html>
