2470 4010
70 228 132 302 Vll

498 224 614 282 maen.

163 392 298 457 Comata
319 388 414 452 silva:
436 408 512 452 nam
534 385 665 470 Cytorio
687 387 722 451 in
743 388 819 472 iugo

160 476 328 558 Loquente
350 493 444 556 saepe
467 471 595 536 sibilum
618 471 717 535 edidit
738 493 839 536 coma.

162 558 308 624 Amastri
329 557 463 622 Pontica
485 559 517 620 et
540 553 657 638 Cytore
678 556 818 636 buxifer,

164 643 239 707 Tibi
260 642 338 706 haec
360 640 458 706 fuisse
481 643 513 704 et
535 661 604 704 esse
627 640 847 737 cognitissima

161 729 222 792 Ait
243 725 409 811 phaselus:
432 724 544 788 ultima
566 745 604 787 ex
626 723 751 809 origine
1012 735 1043 785 15

163 812 234 874 Tuo
258 810 384 874 stetisse
406 808 484 872 dicit
505 808 540 872 in
562 809 741 890 cacumine,

162 895 234 958 Tuo
255 894 407 958 imbuisse
428 893 585 976 palmulas
607 893 641 956 in
664 913 816 976 aequore,

162 979 210 1044 Et
230 979 305 1044 inde
326 981 377 1041 tot
396 999 453 1061 per
474 977 655 1060 inpotentia
675 978 758 1041 freta

162 1063 266 1128 Erum
287 1062 414 1145 tulisse,
437 1063 528 1126 laeva
550 1061 616 1125 sive
638 1061 768 1125 dextera

161 1147 304 1212 Vocaret
325 1168 416 1228 aura,
439 1146 505 1210 sive
526 1148 694 1228 utrumque
716 1144 754 1208 Iu
776 1145 860 1229 piter
1012 1158 1046 1208 20

163 1231 267 1298 Simul
290 1231 446 1295 secundus
467 1229 632 1294 incidisset
652 1231 687 1293 in
707 1168 835 1314 pedem,

162 1322 275 1400 Neque
296 1316 362 1380 ulla
382 1319 458 1378 vota
479 1314 658 1378 litoralibus
680 1313 747 1379 deis

163 1399 235 1466 Sibi
257 1421 326 1464 csse
347 1399 448 1482 facta,
470 1419 542 1464 cum
563 1400 686 1463 veniret
707 1419 727 1462 a
747 1401 846 1463 marei

162 1484 347 1551 Novissime
368 1483 453 1549 hunc
476 1483 517 1546 ad
538 1505 638 1567 usquc
659 1482 825 1567 limpidum
848 1485 961 1550 lacum.

164 1569 230 1633 sed
250 1569 330 1632 haec
351 1568 440 1651 prius
462 1568 566 1632 fuere:
588 1588 675 1632 nunc
696 1569 861 1633 recondita
1012 1578 1045 1628 25

164 1652 265 1717 Senot
287 1653 392 1735 quiete
414 1673 509 1735 seque
532 1651 657 1716 dedicat
678 1651 753 1734 tibi,

163 1735 310 1801 Gemella
333 1735 447 1800 Castor
469 1739 502 1800 et
522 1736 659 1820 gemelle
682 1734 832 1801 Castoris.

486 1864 639 1874 -ι--ι

541 1945 609 2024 V,

163 2075 335 2159 Vivamus,
358 2094 430 2139 mea
451 2073 581 2152 Lesbia,
605 2076 698 2157 atque
720 2094 878 2159 amemus,

163 2161 383 2242 Bumoresque
406 2181 516 2223 senum
538 2159 732 2222 severiorum

164 2244 287 2309 Omnes
308 2244 402 2307 unius
425 2244 629 2308 aestimemus
651 2243 741 2307 assis¹

167 2327 259 2393 Soles
282 2327 425 2393 occidere
448 2331 481 2391 et
502 2327 603 2391 redire
625 2331 774 2410 possunt:

163 2413 364 2478 Nobiscum
386 2412 485 2476 semel
507 2411 624 2476 occidit
645 2411 748 2476 brevis
771 2412 839 2496 lux,
1030 2422 1047 2473 5

164 2496 241 2562 Nox
264 2499 312 2560 est
333 2499 485 2580 perpetua
507 2517 571 2560 una
593 2494 787 2560 dormienda.

168 2581 221 2644 Da
242 2581 286 2644 mi
307 2581 397 2644 basia
417 2581 520 2663 mille,
543 2579 658 2644 deinde
680 2584 822 2662 eentum,

164 2664 253 2729 Dein
273 2665 361 2729 mille
384 2665 497 2746 alteru,
520 2664 594 2727 dein
616 2665 755 2729 secunda
776 2668 919 2747 centum,

162 2748 290 2815 Deinde
313 2771 412 2833 usque
435 2749 535 2812 altera
556 2748 658 2831 mille,
681 2747 795 2812 deinde
817 2753 953 2812 centum.

162 2833 266 2916 Dein,
289 2855 361 2897 cum
382 2833 472 2898 milia
493 2833 595 2896 multa
616 2833 799 2916 fecerimus,
1014 2841 1046 2892 10

165 2917 437 2984 Conturbabimus
460 2917 528 2998 illa,
551 2939 592 2980 111
615 2917 766 2998 sciamus,

163 3005 235 3066 Aut
256 3003 368 3084 nequis
390 3001 492 3064 malus
515 2999 656 3063 invidere
677 2999 794 3082 possit,

163 3086 250 3152 Cum
271 3089 398 3150 tantum
421 3085 499 3148 sciet
521 3105 590 3148 esse
611 3084 790 3166 basiorum,

531 3301 592 3375 Vl.

163 3426 273 3508 Flavi,
296 3427 425 3491 delicias
448 3430 518 3490 tuas
542 3425 684 3508 Catullo,

164 3511 231 3576 Nei
254 3512 319 3574 sint
340 3511 499 3594 inlepidae
522 3514 616 3594 atquc
638 3510 853 3593 ineleganteS,

862 3611 873 3655 1
882 3604 898 3637 t
