2468 4036
49 239 103 310 v.]
269 203 270 212 ‘
457 235 565 292 urana
585 237 633 293 111.
980 231 1023 296 41

50 402 104 466 Er
129 421 149 464 o
170 421 213 464 ne
234 399 345 464 dubita
364 399 498 464 blandas
520 397 670 464 adhibere
691 399 862 485 querellam
989 410 1024 462 ⁷5
1155 445 1164 460 .

132 487 284 550 ineuntur
304 483 397 550 molli
417 487 548 569 pectora
570 484 648 548 dura
690 506 770 550 rece.

52 569 152 647 Quod
174 569 203 634 si
223 591 298 634 vera
320 573 440 634 canunt
461 571 558 634 sacris
580 507 708 634 oracula
727 570 870 654 templis,

97 654 191 718 Haec
212 654 262 718 illi
280 657 393 718 nostro
415 655 546 718 nomine
568 654 653 718 dicta
673 654 770 720 refer:

53 739 129 803 Hoc
149 737 212 802 tibi
234 737 419 826 coniugium
439 739 599 824 promittit
620 737 731 804 Delius
753 739 823 823 ipsc

99 823 209 906 Felix,
231 821 308 887 hoc:
332 821 429 888 alium
452 822 559 887 desine
580 823 662 886 velle
683 823 809 888 virum!
988 833 1025 886 80

55 907 163 991 Dixit,
188 909 221 970 et
241 907 375 992 ignavus
398 907 529 972 defluxit
551 929 682 991 corpore
705 929 846 973 somnus.

97 993 130 1056 A
153 1011 214 1076 ego
236 1013 277 1056 nc
299 991 421 1088 possim
441 994 532 1056 tanta
552 992 659 1056 videre
680 992 782 1058 mala!

54 1076 125 1142 Nec
147 1075 209 1140 tibi
230 1075 418 1140 crediderim
439 1077 522 1140 votis
545 1076 704 1140 contraria
724 1079 800 1140 vota

96 1160 168 1226 Nec
189 1162 315 1225 tantum
337 1161 458 1224 crimen
478 1163 607 1246 pectore
629 1161 733 1225 inesse
754 1164 827 1226 tuo:

56 1244 142 1309 Nam
162 1247 195 1308 te
217 1264 276 1308 nec
298 1245 380 1309 vasti
401 1248 581 1329 genuerunt
602 1267 740 1330 aequora
759 1246 851 1330 ponti
988 1255 1024 1308 85

97 1329 168 1395 Nec
188 1329 350 1393 flammam
371 1330 502 1394 volvens
524 1351 579 1394 ore
601 1329 769 1396 Chimaera
794 1331 861 1395 sero

57 1413 126 1478 Nec
148 1414 237 1478 canis
260 1413 420 1498 anguinea
440 1415 606 1479 redimitus
628 1418 720 1500 terga
741 1417 881 1493 caterva,

98 1496 159 1562 Oui
182 1500 248 1562 tres
270 1501 345 1562 sunt
366 1498 494 1584 linguae
516 1499 791 1584 tergeminumque
813 1501 923 1583 caput,

59 1580 225 1665 Scyllaque
246 1582 424 1667 virgineam
446 1583 577 1648 canibus
600 1584 761 1648 succincta
781 1583 931 1668 figuram,

98 1666 167 1730 Nec
188 1669 220 1730 te
243 1669 431 1751 conceptam
452 1689 546 1732 saeva
567 1668 678 1732 leaena
697 1668 787 1751 tulit,
988 1679 1024 1729 90

59 1749 198 1814 Barbara
218 1771 277 1815 nec
300 1751 448 1836 Scythiae
469 1752 565 1817 tellus
586 1750 782 1816 horrendaue
804 1750 924 1836 Syrtis,

99 1834 161 1900 Sed
184 1835 270 1899 culta
292 1839 324 1900 et
345 1836 432 1900 duris
453 1857 520 1900 non
541 1836 714 1900 habitanda
736 1835 848 1900 domus

59 1917 99 1982 Et
120 1919 218 2005 longe
240 1923 315 1984 ante
337 1921 416 1984 alias
439 1941 549 1985 omnes
570 1920 741 1984 mitissima
761 1923 864 1985 mater

98 2002 192 2088 Isque
214 2006 306 2088 pater
327 2026 390 2089 quo
412 2027 480 2069 non
501 2005 582 2069 alter
604 2005 779 2069 amabilior.

61 2085 143 2151 Haec
166 2088 243 2152 deus
265 2089 300 2152 in
321 2089 435 2154 melius
458 2090 597 2154 crudelia
619 2089 869 2154 somniaverint
988 2099 1022 2152 95

99 2171 142 2236 Et
163 2172 272 2237 iubeat
292 2173 418 2258 tepidos
440 2173 530 2237 irrita
551 2174 634 2239 ferre
655 2173 769 2240 Notos.

459 2303 613 2314 ..u—n·—

512 2389 556 2464 V.

63 2505 124 2573 Vos
145 2513 249 2594 tenet,
271 2509 417 2576 Etruscis
439 2516 549 2576 manat
571 2534 650 2596 quae
671 2511 817 2577 fontibus
839 2511 941 2595 unda,

100 2593 192 2660 Vnda
214 2595 280 2660 sub
296 2597 452 2660 aestivum
473 2618 542 2662 non
563 2597 707 2662 adeunda
728 2596 863 2678 Canem,

65 2675 151 2744 Nunc
172 2682 281 2744 autem
302 2681 400 2745 sacris
421 2679 572 2745 Baiarum
593 2681 740 2764 proxima
760 2679 915 2764 lymphis,

102 2762 179 2828 Cum
202 2787 236 2829 se
259 2786 418 2850 purpureo
440 2787 513 2830 vere
534 2765 671 2828 remittit
691 2763 821 2828 humus:

65 2846 102 2908 At
120 2847 200 2912 mihi
221 2849 425 2933 Persephone
446 2850 572 2934 nigram
595 2848 762 2913 denuntiat
781 2847 909 2911 horam:
1004 2856 1024 2910 5

100 2929 251 2997 Inmerito
273 2933 381 2998 iuveni
402 2955 497 3018 parce
518 2955 649 3016 nocere,
672 2933 740 2997 dea.

65 3010 131 3080 Non
153 3039 214 3102 ego
236 3018 392 3101 temptavi
413 3017 494 3082 nulli
515 3017 699 3080 temeranda
720 3017 860 3080 virorum

102 3101 213 3165 Audax
234 3101 410 3166 laudandae
433 3123 522 3166 sacra
544 3102 657 3166 docere
679 3102 770 3184 deae,

65 3178 124 3247 Nec
146 3208 218 3250 mea
238 3186 413 3252 mortiferis
435 3186 548 3251 infecit
568 3186 684 3270 pocula
705 3185 789 3250 sucis

102 3265 237 3334 Dextera
258 3293 318 3335 nec
341 3271 489 3355 cuiquam
510 3269 587 3334 trita
607 3292 731 3334 venena
752 3269 854 3353 dedit,
991 3280 1026 3332 10

66 3345 127 3415 Neo
146 3375 207 3418 nos
230 3354 378 3440 sacrilegi
399 3355 527 3503 temflis
550 3355 748 3420 admovimus
770 3355 878 3439 ignes,

23 3483 24 3486 κ
103 3433 167 3501 Nec
190 3460 245 3504 cor
268 3439 445 3504 sollicitant
480 3442 551 3504 acta
571 3439 711 3504 nefanda
730 3461 850 3520 meum,

23 3599 24 3610 χ
67 3512 128 3583 Nec
148 3543 206 3588 nos
227 3523 359 3595 insanae
380 3525 571 3588 meditantes
593 3525 697 3608 iurgia
718 3522 835 3586 mentis
