2444 4056
198 251 283 300 xlilv
572 235 785 293 PRAEFATIO.

198 410 332 469 niuntur.
368 405 562 480 Nequaquam
583 407 682 462 autem
703 403 820 462 evenire
841 403 954 478 potuit,
980 405 1016 462 ut
1034 403 1159 480 Priapea

199 510 274 568 quae
288 491 485 566 plurimorum
500 506 565 547 esee
579 489 734 546 auctorum
749 491 890 562 agnoscet
903 488 952 546 rel
967 505 1050 562 puer,
1072 490 1158 548 unius

198 576 375 652 putarentur
399 575 504 648 poetae
529 589 603 631 saec.
630 589 659 646 p.
681 569 750 628 Chr.
771 587 801 628 n.
827 572 938 646 primo,
966 574 1001 629 ut
1023 573 1159 630 omittam

199 659 345 732 disertum
369 656 495 717 Senecae
517 655 644 714 rhetoris
671 654 707 712 de
732 671 792 713 uno
817 671 920 714 eorum
944 656 1158 714 testimonium.

199 742 320 801 Etenim
339 741 513 817 longissime
537 759 554 797 a
573 755 644 798 vero
667 739 850 811 abermnmt,
866 738 924 814 qui·
932 741 1108 811 statuerent,
1124 739 1158 798 ad

198 827 257 886 tria
278 829 395 886 tantum
410 825 535 898 Pn'apea
554 827 645 896 eaque
664 821 771 880 ultima
785 821 891 897 operis,
913 837 989 896 quae
1013 823 1159 882 extantia

198 911 277 969 libro
286 909 387 981 Brun,
399 907 549 981 pertinere
560 905 671 966 Donati
685 906 897 978 testimonium,
914 906 1023 981 quippe
1037 910 1070 966 et
1084 906 1158 966 codi-

199 1013 267 1052 cum
287 992 422 1068 plerique
443 1007 545 1049 omnee
567 990 737 1047 constanter
756 990 852 1049 totam
872 990 1010 1064 syllogen
1025 991 1160 1050 tribuunt

199 1076 316 1134 Maroni
336 1078 368 1132 et
381 1075 413 1133 in
433 1073 509 1133 libro
524 1074 638 1132 Monac.
657 1071 757 1132 18059
773 1089 890 1131 carmen
905 1073 976 1146 qaid
993 1073 1044 1133 hec
1058 1077 1159 1140 motet,

200 1159 280 1234 quod
301 1157 414 1217 Tibulli
435 1175 499 1217 csse
520 1160 600 1216 certo
621 1159 751 1229 constat,
773 1156 952 1216 adscribitur
971 1157 1077 1216 eidem.
1123 1158 1161 1216 nt

200 1245 345 1317 quantum
360 1242 397 1300 ad
410 1241 469 1300 tm'a
483 1241 633 1315 opuscula,
646 1257 721 1314 quae
732 1257 821 1316 supra
832 1242 1004 1312 memoravi,
1017 1256 1051 1298 aa
1065 1241 1159 1300 direr-

201 1343 301 1385 sorum
321 1343 385 1384 oeae
400 1325 587 1398 scriptorum,
608 1323 651 1382 ita
665 1322 794 1399 quidem,
815 1327 849 1382 ut
868 1324 965 1384 altero
977 1325 1161 1384 contineatur

200 1404 348 1488 παρῳδία
360 1409 452 1480 tertii,
467 1427 555 1467 nemo
569 1409 643 1482 puto
657 1406 787 1482 negabit.

265 1491 404 1551 Ceterum
428 1491 465 1549 ad
485 1491 539 1550 hoc
559 1491 658 1566 ipsum
677 1490 800 1566 respicit
817 1489 991 1565 Diomedes,
1017 1493 1068 1566 qui
1091 1492 1161 1551 dicit

200 1595 251 1652 pg.
267 1576 328 1633 512
343 1574 511 1650 Vergilium
525 1575 557 1633 in
571 1575 791 1648 prolusionibue
814 1575 875 1633 auis
889 1575 945 1636 hoo
958 1579 1005 1636 est
1018 1576 1160 1636 iuvenalis

201 1659 264 1718 ludi
278 1659 381 1719 libello
396 1677 483 1717 usum
499 1676 562 1718 case
577 1660 674 1716 metro
688 1658 823 1733 Priapeo.
853 1657 931 1718 Nom
945 1677 1059 1733 versus,
1075 1677 1160 1736 quem

201 1743 296 1816 affert,

284 1827 375 1888 incidi
389 1828 525 1903 petulum
540 1826 572 1886 in
587 1843 707 1900 specum
721 1826 934 1900 procumbente
948 1826 1059 1906 Priapo

202 1930 290 1971 aenea
309 1913 429 1986 ineptus
448 1930 482 1970 ac
501 1913 654 1985 suspectus
675 1909 713 1967 ob
732 1912 862 1968 metrum
883 1910 1012 1969 ethead
1026 1911 1116 1970 dubie
1130 1911 1161 1967 ut
1213 1933 1214 2002 q

201 1997 341 2135 Eleraque
361 1995 443 2052 teitii
465 1994 535 2052 libri
555 1993 689 2067 exempla
711 1988 784 2070 (non
803 1991 937 2070 sectandi)
958 1994 995 2052 ab
1014 1994 1081 2070 ipso
1096 2011 1160 2054 con·
1212 2039 1213 2102 1

223 2081 296 2136 ctus.

267 2160 343 2218 Sane
368 2177 485 2218 carmen
509 2159 584 2216 illud
610 2159 699 2220 ‘tuno
722 2177 771 2235 eqo
795 2178 811 2220 ο
831 2161 1160 2237 tunmes’quamquam
1211 2151 1212 2202 l

203 2243 411 2303 suavissimum
432 2243 561 2301 alienum
581 2244 742 2317 aMarone,
765 2244 817 2319 qui
831 2263 992 2320 numquam
1008 2245 1090 2304 elisit
1105 2263 1160 2304 cre·
1210 2245 1211 2303 l

202 2327 260 2386 tica
274 2328 306 2385 iu
319 2326 414 2386 brevi.
452 2389 464 2400 ψ
1017 2355 1020 2360 -
1209 2365 1210 2403 q

267 2410 327 2470 Sed
347 2409 510 2484 Cambete,
532 2429 607 2486 quae
620 2412 804 2486 paenultima
819 2413 884 2471 loco
898 2412 991 2472 totius
1005 2412 1091 2471 fuere
1106 2413 1161 2488 syl·
1208 2471 1209 2503 1

203 2493 287 2572 loges
307 2494 404 2569 posita
426 2491 508 2570 (nam
526 2494 702 2554 claudebant
717 2514 824 2571 agmen
834 2497 1054 2572 epigrammata
1074 2499 1109 2555 ut
1123 2496 1161 2553 di·
1207 2565 1208 2572 ἶ

202 2579 297 2636 uersis
311 2580 416 2652 poetae
432 2580 616 2653 temporibus
631 2577 754 2657 scripta)
770 2597 948 2654 quamquam
963 2579 1090 2642 fortasse
1106 2597 1162 2638 non
1207 2579 1208 2603 ¹

204 2662 303 2720 omnia
317 2664 387 2721 sunt
400 2663 534 2736 profecta
548 2681 566 2720 a
579 2661 723 2738 Vergilio,
739 2666 841 2722 tamen
854 2663 929 2722 nihil
943 2664 1063 2737 habent,
1086 2661 1162 2740 quod
1206 2667 1207 2705 l

203 2743 265 2805 mm
277 2748 380 2822 aperte
397 2745 437 2805 eit
451 2747 488 2803 eb
503 2764 537 2805 oo
554 2746 692 2819 alienum,
708 2751 743 2805 ut
757 2748 922 2822 oportuerit
937 2749 1074 2806 criticum
1090 2765 1161 2806 saec.
1205 2743 1206 2806 i

87 2879 92 2890 .
203 2850 232 2906 p.
249 2829 347 2898 cna.
364 2830 380 2888 I
400 2849 434 2889 ea
454 2828 621 2888 abiudicere
642 2831 756 2890 abillo.
785 2830 890 2906 Itaque
906 2831 1053 2906 quinium
1068 2833 1106 2889 ab
1121 2847 1161 2899 eo,
1204 2835 1205 2906 l

203 2915 255 2988 qui
275 2915 401 2974 confecit
420 2915 557 2990 syllogen
578 2914 645 2972 huic
667 2916 727 2974 sint
741 2915 862 2988 tribute,
878 2932 939 2974 non
953 2918 1000 2974 eet
1011 2933 1067 2973 cur
1081 2914 1161 2974 (lubi-
1201 2929 1204 3006 q

203 2999 310 3055 manus.
347 2999 403 3068 Qui
423 3002 457 3056 ut
476 2997 658 3073 praefatione
680 2997 802 3058 donavit
821 2998 962 3074 Priapea‚
983 2998 1026 3056 ita
1046 2999 1161 3074 epilogo

204 3081 323 3138 ornavit
343 3079 500 3140 Catalecte.
530 3082 634 3156 Neque
657 3082 737 3141 enim
758 3083 819 3140 ulla
840 3087 1009 3155 estonum,
1031 3099 1086 3141 cur
1106 3086 1162 3140 ter·

204 3163 355 3223 sissimum
375 3165 566 3239 epigramma,
588 3166 668 3239 quod
681 3166 713 3224 in
727 3165 817 3224 Brux.
833 3166 931 3226 codice
946 3166 1071 3241 aliisque
1086 3165 1161 3225 aubi-

204 3248 282 3305 citur
305 3246 473 3318 catalectia,
495 3248 650 3322 indignum
669 3251 733 3310 eiua
754 3251 902 3326 elegantia
926 3253 1075 3325 putemne.
1112 3249 1163 3308 llet

204 3333 304 3390 autem
319 3331 504 3389 scribendum
519 3331 576 3388 ita:

289 3412 365 3470 Vate
381 3413 536 3486 Syracosio
551 3413 602 3486 qui
617 3414 739 3488 dulcior,
755 3415 944 3491 Hesiodoque

332 3495 436 3567 Maior,
451 3495 599 3552 Homereo
614 3515 674 3556 nou
687 3499 785 3555 minor
799 3518 849 3558 ore
863 3501 930 3572 fuit,
