2486 4010
212 191 256 256 64
598 195 792 253 rsorrnru
833 201 834 204 ¹
1148 200 1186 270 [L

275 361 405 426 Idaeum
427 359 590 426 Simoenta
611 359 696 424 Iovis
719 381 791 424 cum
813 359 903 443 prole
925 357 1137 442 Scamandro,

317 445 458 510 Hectora
478 467 535 530 per
557 465 685 528 campos
707 448 756 507 ter
777 443 952 508 maculasse
973 443 1082 506 rotas?

276 527 541 615 Deiphobumque
555 529 775 612 Helenumque
797 531 830 592 et
843 527 1074 625 Polydamanta
1088 530 1123 590 et
1145 529 1184 592 in

819 635 914 676 arnus

228 710 262 760 30
319 697 586 782 Qualemcumque
606 697 705 762 Parin
725 697 779 761 vix
801 718 857 761 sua
877 700 988 761 nosset
1007 696 1136 760 humus.

278 781 339 846 Exi
385 804 404 846 o
427 803 572 848 sermone
593 782 679 846 fores
700 801 802 864 nuno,
825 780 926 862 Ilion,
950 784 983 845 et
1002 784 1039 845 tu

321 805 417 931 lidia
437 868 486 932 bis
509 866 619 932 Oetaei
640 866 770 930 numine
793 868 886 949 capta
907 865 967 929 dei.

278 949 435 1016 Necnon
456 951 510 1016 ille
531 951 579 1016 tui
601 973 691 1016 casus
713 952 906 1014 memorator
926 949 1086 1013 Homerus

321 1034 511 1100 Posteritate
533 1057 625 1100 suum
650 1055 790 1099 crescere
812 1034 912 1098 sensit
932 1055 1022 1118 opus.

230 1131 264 1180 ³5
279 1117 331 1182 Me
354 1141 393 1183 ue
408 1120 501 1184 inter
523 1141 610 1184 seros
632 1118 774 1184 laudabit
794 1117 898 1184 Roma
918 1121 1067 1201 nepotes:

322 1140 416 1266 Ibam
437 1205 510 1286 post
532 1204 653 1267 cineres
675 1224 814 1288 auguror
835 1203 904 1286 ipse
925 1202 1018 1266 diem.

279 1285 329 1352 Ne
351 1307 421 1350 mea
443 1289 625 1370 contempto
648 1287 729 1371 lapis
751 1286 870 1352 indicet
891 1308 965 1352 ossa
985 1287 1149 1371 sepulcro,

322 1369 520 1436 Provisumst
540 1367 638 1454 Lycio
661 1373 736 1436 vota
756 1371 911 1455 probante
933 1371 1002 1436 deo.

281 1453 438 1520 Carminis
460 1455 581 1520 interea
601 1455 704 1520 nostri
725 1455 890 1522 redeamus
910 1455 945 1520 in
967 1456 1093 1539 orbem,

230 1551 276 1617 40¹
322 1539 467 1604 Gaudeat
487 1541 522 1605 in
543 1539 637 1606 solito
658 1543 745 1604 tacta
764 1541 872 1624 puella
892 1561 982 1605 senc.

282 1623 409 1708 Orphea
431 1624 586 1688 delenisse
607 1625 691 1688 feras
713 1628 746 1688 et
767 1624 893 1689 concita
914 1624 1025 1690 dieunt
1160 1623 1181 1694 2

324 1708 473 1773 Flumina
493 1707 640 1773 Threicia
661 1709 849 1774 sustinuisse
870 1709 953 1792 lyra:

282 1792 365 1857 Saxa
386 1791 587 1858 Cithaeronis
608 1791 733 1857 Thebas
755 1794 876 1878 agitata
896 1815 954 1878 per
974 1797 1075 1858 artem

325 1877 445 1961 Sponte
468 1899 524 1941 sua
544 1879 579 1941 in
600 1877 683 1942 muri
705 1879 846 1941 membra
870 1877 971 1942 coisse
990 1877 1116 1959 ferunt:

231 1973 266 2022 45
282 1960 366 2036 Quin
381 1963 491 2046 eliam,
506 1961 716 2045 Polypheme,
729 1960 800 2026 fera
815 1961 948 2026 Galatea
963 1962 1021 2026 sub
1035 1963 1144 2027 Aetna
1164 1974 1181 2023 5

326 2045 377 2110 Ad
398 2050 455 2110 tua
475 2050 620 2111 rorantes
643 2046 784 2110 carmina
804 2045 893 2110 flexit
914 2066 1025 2130 equos:
1054 2119 1057 2122 ,

282 2128 449 2214 Miremur,
471 2130 564 2195 nobis
587 2134 619 2194 et
639 2129 766 2194 Baccho
789 2134 821 2193 et
835 2130 986 2214 Apolline
1009 2130 1120 2195 dextro
1127 2180 1138 2214 ,

324 2211 431 2275 'huba
452 2214 629 2297 puellarum
652 2215 678 2277 si
700 2236 770 2278 mea
790 2215 887 2279 verba
908 2214 1005 2279 colit?

282 2294 374 2370 Quod
398 2316 466 2360 non
487 2297 649 2361 Taenariis
669 2298 780 2364 domus
807 2301 855 2362 est
879 2298 958 2363 mihi
982 2299 1066 2363 fulta
1087 2319 1139 2364 co-

824 2383 940 2448 lumnis

231 2476 266 2526 50
323 2465 392 2530 Nec
414 2487 538 2530 camera
560 2469 684 2531 auratas
707 2467 791 2532 inter
812 2468 930 2531 eburna
945 2432 1074 2552 ⁷trabes,
1148 2481 1181 2530 ιο

281 2549 313 2615 N
315 2571 350 2614 ec
371 2572 442 2616 mea
462 2549 622 2616 Phaeacas
644 2555 781 2634 aequant
801 2552 942 2635 pomaria
969 2551 1081 2635 silvas,

324 2633 401 2700 Non
422 2657 556 2720 operosa
576 2637 661 2722 rigat
682 2635 820 2701 Marcius
842 2639 933 2700 antra
954 2636 1073 2720 liquor3

282 2723 328 2783 At
349 2719 459 2784 Musae
481 2721 613 2784 comites
636 2725 668 2785 et
690 2721 831 2784 carmina
852 2742 924 2785 cara
944 2719 1081 2805 legenti,

323 2802 368 2868 Et
389 2804 513 2870 defessa
535 2804 639 2869 choris
661 2803 825 2888 Calliopea
846 2805 936 2870 meis.

234 2902 266 2948 ot
282 2887 471 2972 Fortunata,
493 2909 564 2953 mco
587 2889 677 2972 siqua
699 2911 731 2953 es
755 2889 912 2953 celebrata
933 2889 1056 2953 libello!
1150 2903 1181 2951 15

326 2970 475 3038 Carmina
496 2976 589 3038 erunt
609 2974 730 3038 formae
751 2975 801 3036 tot
821 2973 1017 3038 monimenta
1039 2976 1123 3037 tuae.

282 3055 313 3120 N
316 3079 366 3122 am
380 3079 482 3142 neque
496 3079 518 3142 p
540 3057 695 3120 ramidum
710 3061 853 3140 sumptus
869 3057 909 3122 ad
925 3057 1028 3122 sidera
1047 3056 1149 3141 ducti,

324 3141 393 3207 Neo
414 3141 500 3208 lovis
552 3142 594 3206 lei
616 3143 737 3206 caelum
758 3141 883 3206 imitata
904 3141 1032 3224 domus,

282 3223 350 3288 Nec
372 3225 528 3290 Mausolei
549 3226 636 3291 dives
657 3226 786 3290 fortuna
808 3225 967 3310 sepulchri

234 3319 268 3366 ou
323 3307 437 3370 Mortis
459 3310 499 3371 ab
522 3313 661 3374 extrema
687 3310 873 3376 condicione
894 3314 1018 3374 vacant.
1147 3325 1181 3373 20

214 3401 217 3412 ’
282 3391 350 3452 Aut
371 3389 434 3452 illis
455 3390 584 3456 flamma
605 3398 660 3457 aut
680 3394 782 3458 imber
804 3394 957 3459 subducet
978 3395 1132 3478 honores,

325 3475 491 3538 Annorum
513 3479 568 3538 aut
588 3476 654 3542 ictu
674 3478 815 3562 pondera
836 3479 920 3544 vict-a
940 3485 1044 3546 ruent.
