2492 4022
381 265 630 326 FRAGMENTu
942 264 984 328 85

63 433 169 502 Epyllii
218 433 275 486 uod
301 431 336 486 de
363 431 394 484 Io
421 429 580 498 composuit
606 427 727 506 Licinius
753 429 914 508 fragmenta
940 433 984 484 sat

63 501 274 638 ezrffiaogflssrre
297 497 484 569 disposuimus
507 513 563 564 quo
585 512 694 550 venisse
718 497 753 550 ab
778 499 984 554 condebatur

63 686 87 733 o.
123 693 143 734 a
165 671 260 754 virgo
282 669 410 752 infelix,
432 667 540 732 herbis
562 668 701 752 pasceris
724 669 849 732 1111111.

63 772 179 825 Servius
198 769 236 824 ad
251 769 303 822 illa
320 768 444 822 Maronis
462 766 528 888 geel.
546 772 570 834 6,
588 768 634 839 47]
655 777 689 822 ‘a
706 768 786 836 virgo
804 769 936 822 infelix’:
954 770 984 825 O.

63 841 87 892 lo
108 857 132 893 e.
151 855 179 906 q.
199 856 219 892 s.
254 837 385 890 Imitatus
403 836 447 890 ert
491 837 622 889 1111111
641 835 666 901 Ι,
684 841 735 890 632
761 835 922 890 ‘frondibus
941 854 984 891 ar-

64 907 105 960 eis
125 909 156 960 et
168 921 267 960 amara
280 905 406 974 pascitur
423 903 536 956 herba’.
561 903 613 957 Oui
624 903 736 972 saepius
751 902 782 956 in
794 903 985 958 describendis

79 975 148 1028 fatis
171 973 352 1028 obversatum
378 982 438 1026 esse
456 970 537 1026 Calvi
560 971 726 1039 opusculum
747 971 824 1024 haud
846 988 913 1026 sane
936 973 984 1026 ab·

64 1043 112 1096 ret
129 1059 147 1096 a
163 1057 240 1096 vero.
265 1041 297 1094 In
314 1039 432 1109 primori
448 1038 521 1093 libro
537 1037 613 1092 huno
624 1055 737 1092 versum
754 1039 839 1094 fuisse
857 1042 985 1108 apparet.

65 1159 108 1206 10.
140 1165 232 1208 mens
254 1165 325 1207 mes
347 1142 415 1206 dira
437 1140 496 1206 sibi
517 1140 704 1224 praedicens
726 1142 833 1206 omnia
853 1163 973 1207 vecors.

64 1245 176 1298 Probus
194 1261 241 1313 pg.
255 1248 321 1297 1105
340 1242 375 1297 de
392 1241 514 1294 iambico
534 1241 609 1295 ‘sibi’
628 1257 727 1310 agens:
746 1241 775 1296 O.
792 1242 822 1295 in
839 1242 870 1296 lo
888 1260 912 1296 e.
925 1259 951 1312 q.
965 1261 985 1298 s.

63 1313 217 1404 ¹‘lunonem
234 1312 323 1366 verba
339 1310 443 1375 refero,
462 1324 536 1376 quae
554 1325 598 1430 af.
615 1308 681 1363 Nus.
698 1310 841 1378 suspicata
857 1309 892 1364 de
909 1311 985 1364 furto

66 1399 93 1433 11
111 1381 152 1433 art
170 1379 238 1432 ‘aut
254 1394 308 1446 ego
324 1377 409 1431 fallor
427 1377 477 1429 aut
499 1393 552 1453 ego
582 1377 693 1431 aedor’.
728 1377 904 1444 Quamquam
921 1395 986 1446 pos-

63 1452 83 1524 11
101 1448 189 1501 etiam
205 1447 348 1524 pertinere
366 1444 402 1498 ad
414 1444 444 1498 Io
461 1445 492 1496 fu
524 1445 617 1521 turam
634 1444 737 1500 Iovem.
761 1445 892 1521 Ceterum
910 1447 987 1514 apud

63 1515 277 1637 iilugstlcihlhih
290 1528 414 1568 vaecors.
448 1511 477 1564 M
508 1512 719 1566 eWeichertus
739 1521 865 1566 ‘omma’
882 1530 933 1581 pro
952 1530 986 1568 eo

71 1701 112 1750 11.
147 1706 220 1749 cum
240 1683 347 1768 gravis
369 1683 495 1767 ingenti
518 1683 664 1747 conivere
685 1683 806 1766 pupula
828 1704 951 1748 somno.

70 1785 228 1840 Priscianus
245 1799 292 1852 pg.
310 1789 373 1839 866:
392 1783 510 1838 ‘Calvus
530 1782 658 1836 conivere
676 1782 815 1835 infinitum
834 1783 987 1836 secundum

63 1854 137 1906 tiam
155 1851 382 1973 coniulffationem
400 1851 537 1928 correpta·
547 1850 723 1917 paenultima
739 1849 870 1917 protulit’
890 1867 913 1904 e.
926 1866 953 1917 q.
966 1869 987 1904 1.

72 1920 210 1990 ‘urgenti’
280 1919 424 1984 Heinsius,
442 1933 587 1986 mgemose
606 1919 638 1970 11
655 1917 740 1983 solet,
763 1917 813 1970 sed
830 1916 879 1972 rix
900 1919 985 1973 recte.

63 1989 158 2057 quitur
175 1987 204 2043 Ο.
222 1987 257 2041 de
275 1987 351 2055 Argo
370 1985 462 2054 sopito
481 2003 498 2040 a
515 1985 662 2040 Mercurio.

74 2102 114 2152 11.
147 2089 265 2174 frigida
285 2089 350 2153 iarn
373 2089 468 2153 celeri
489 2092 659 2174 peragrata
680 2087 890 2152 Borusihenis
913 2110 976 2152 ora.

73 2191 179 2245 Probus
196 2206 243 2258 pg.
262 2196 340 2244 1394:
367 2190 406 2242 ‘is
424 2189 535 2257 syllaba
551 2188 719 2242 nominativi
736 2204 816 2243 casus
833 2189 927 2243 brevis
946 2191 989 2243 est

74 2261 106 2311 ut
124 2258 225 2312 Calvus
241 2258 271 2312 in
288 2258 334 2310 Io'
353 2273 377 2312 1.
395 2272 422 2323 q.
440 2273 461 2310 s.
497 2257 599 2310 ‘celeri
619 2257 773 2326 peragrata
789 2255 987 2324 Borysthenis'

63 2327 197 2391 rrhasius‚
216 2324 331 2380 ‘celeris
353 2341 403 2379 uer
425 2325 496 2378 atur.
519 2325 645 2378 nistinis’
664 2325 764 2390 codex3
787 2324 988 2416 τ1111111111-

63 2393 235 2448 ;1’Κ111111.
270 2394 398 2462 Apparet
436 2408 486 2446 aec
509 2393 545 2446 ad
564 2407 671 2446 errores
689 2393 735 2446 Ius
752 2393 903 2462 pertinere.
938 2395 988 2446 te·

63 2479 116 2514 rum
133 2461 206 2515 male
224 2460 333 2514 fallitur
350 2459 574 2528 Pseudoprobus.

76 2575 116 2624 13.
148 2562 197 2627 sol
219 2583 343 2646 quoque
357 2565 527 2646 perpetuos
542 2563 689 2626 meminit
709 2561 906 2644 requiescere
922 2582 990 2630 cur-

696 2667 759 2710 sus,

76 2747 186 2802 Servius
203 2747 240 2800 ad
257 2746 329 2801 illud
361 2747 423 2802 buc.
443 2753 471 2814 8,
489 2748 518 2818 4]
539 2749 584 2801 ‘et
605 2746 715 2800 mutata
739 2761 803 2798 suos
826 2745 992 2811 requierunt

65 2815 151 2935 111111ιά
168 2823 288 2870 cursus’.
355 2815 468 2870 identur
495 2831 553 2869 esse
581 2815 668 2869 verba
689 2813 735 2866 Ius
757 2811 842 2866 finem
865 2827 991 2866 errorum

63 2899 129 2938 eoan
152 2899 173 2936 s.

76 2997 116 3045 14.
147 2987 256 3066 pertus
277 2984 410 3070 gravido
433 2983 584 3068 portabat
605 2983 639 3046 in
661 2982 743 3046 alvo.

78 3083 217 3138 Charisius
239 3101 286 3152 pg.
304 3091 336 3138 61
364 3084 477 3138 ‘alvum
503 3113 537 3122 -
559 3081 713 3136 masculine
738 3080 856 3136 Calvus’
880 3097 904 3137 e.
923 3097 949 3150 q.
969 3099 991 3138 s.

63 3168 135 3219 impe
152 3151 182 3204 Io
201 3168 235 3206 ex
252 3153 319 3207 love
336 3152 488 3221 Epaphum
506 3149 681 3218 conceperat.

78 3259 118 3306 15.
143 3251 272 3308 Fortasse
290 3253 377 3308 etiarn
395 3253 473 3308 erlo
490 3251 583 3322 petita
601 3251 666 3304 sunt
677 3250 727 3304 illa
744 3249 912 3304 scholiastae
924 3249 992 3302 Ber·

63 3319 118 3372 nsis
140 3319 176 3372 ad
197 3335 293 3390 georg.
312 3321 336 3387 I,
358 3328 407 3376 125
430 3320 544 3374 ‘dicunt
562 3320 658 3374 Iovem
681 3321 866 3372 commutasse
889 3317 991 3376 omnia,

63 3405 92 3438 m
108 3387 196 3440 bonus
213 3404 230 3441 a
247 3387 323 3442 melo
346 3404 403 3442 non
425 3389 641 3454 discerneretur,
663 3388 740 3440 terra
762 3386 856 3441 omnia
877 3383 993 3438 liberius

63 3454 146 3522 ente,
164 3456 240 3524 quod
258 3455 362 3512 Calvus
380 3456 464 3510 canit.
500 3455 618 3510 Iunilius
626 3454 706 3540 ‘dicit
713 3463 730 3508 7.
