2444 4056
219 259 280 310 uv1
591 246 805 304 PRAEFATIO.

220 417 267 476 uis
282 432 299 473 s
312 414 475 490 posteriore
490 413 601 484 divelli,
621 415 699 474 sicut
713 414 809 474 uisum
824 415 1014 489 Buechelero,
1028 415 1103 474 mihi
1116 416 1173 491 qui·

221 500 289 558 dem
303 499 387 558 nulle
401 500 487 573 pecto
502 499 659 572 probatur3
680 499 716 555 cf.
732 518 760 556 v.
778 501 826 558 19.

283 583 324 641 ib.
341 583 360 640 5
375 583 452 641 etetis
466 581 663 654 Burmannus,
679 582 730 639 elii
743 585 869 652 7777777777,
883 584 985 644 77777777
999 583 1062 643 cdi.

283 666 325 725 ib.
342 667 380 724 15
396 667 472 739 quoe
486 667 597 740 scripti,
612 665 642 723 h.
658 682 684 723 e.
699 671 775 739 pet.

282 750 324 809 ib.
342 752 380 809 17
396 767 476 809 7777777
489 749 695 821 Buechelems,
709 767 770 809 77777
785 750 848 808 cdd.

283 835 324 893 ib.
342 835 381 894 18
400 835 497 894 clusus
511 865 552 874 —-
565 834 755 893 abstinentem
774 834 868 906 idem,
889 835 1079 894 membranae
1099 835 1169 892 777777

220 920 270 979 sel
290 919 402 988 elusum
423 916 543 976 eaedem
562 917 735 977 7777777777
755 917 818 976 sive
839 918 994 979 abstineret
1015 921 1078 978 sive
1093 920 1170 979 alsti-

220 1020 332 1065 77777777.

285 1087 335 1159 78,
351 1086 370 1142 2
384 1083 494 1145 7777777777
507 1083 613 1157 Aldus,
629 1086 738 1146 amicas
752 1085 817 1144 cdd.

284 1170 325 1227 ib.
338 1170 357 1227 5
372 1169 503 1229 7777777777
516 1169 702 1242 MunekeruS,
718 1170 845 1229 turerttees
858 1170 907 1229 vel
921 1171 1031 1230 similia
1046 1169 1126 1244 edd.;
1140 1168 1170 1226 ct.

221 1252 359 1312 Buechel.
375 1270 424 1328 pg.
440 1253 511 1310 413.

288 1337 337 1408 79,
353 1336 373 1392 4
388 1353 417 1396 es
433 1335 573 1412 Scaliger,
588 1341 630 1396 est
644 1338 757 1412 scripti.

286 1422 341 1493 80,
358 1421 391 1493 9,
410 1422 458 1480 10.
480 1419 543 1479 Hos
562 1438 666 1480 versus
685 1422 779 1480 miror
800 1421 982 1498 Scaligerum
997 1441 1015 1480 a
1032 1422 1170 1499 prioribus

223 1521 409 1580 segregasse,
437 1521 504 1562 cum
523 1504 630 1578 quibus
658 1505 842 1579 apertissime
862 1505 1029 1564 cohaerent.
1072 1507 1170 1581 Agitur
1212 1499 1213 1590 7

223 1588 303 1648 enim
323 1588 359 1646 de
380 1605 424 1660 eo,
446 1587 496 1662 qui
517 1587 596 1661 quod
610 1587 739 1662 primum
754 1589 811 1647 sibi
826 1607 887 1648 non
900 1591 1090 1649 successisset
1103 1592 1132 1648 in
1144 1604 1169 1644 re

222 1689 349 1734 veneres
374 1673 496 1747 questus
515 1671 650 1730 versibus
673 1674 764 1730 1—-8
784 1674 844 1730 ism
863 1676 1038 1748 recuperate
1052 1692 1102 1748 spe
1116 1674 1169 1730 eret

223 1756 373 1832 Priapum,
389 1759 424 1814 ut
436 1755 603 1830 proximum
618 1755 681 1829 ipse
696 1756 838 1816 secundet
851 1760 997 1816 conatum.
1013 1757 1070 1816 Est
1083 1761 1168 1815 sutem

223 1842 325 1903 theme
340 1839 527 1902 Ouidianum.
559 1838 604 1899 Of.
620 1857 677 1896 am.
692 1837 747 1912 111,
766 1841 794 1897 7.

287 1925 426 1985 Ceterum
446 1924 501 1982 hoc
520 1924 649 1983 carmine
670 1925 704 1980 ut
723 1923 755 1980 in
775 1923 897 1998 reliquis
918 1923 980 1983 fere
995 1924 1080 1984 libris
1094 1924 1166 1984 itein
1212 1977 1213 2006 ,

225 2009 324 2068 Gueli.
342 2011 412 2068 703.
430 2008 499 2065 704.
517 2008 576 2066 705
591 2006 670 2066 finiri
685 2005 831 2083 syllogen,
847 2010 968 2082 excepto
983 2009 1063 2084 quod
1077 2009 1107 2067 in
1119 2007 1167 2082 pri-

225 2109 274 2150 mo
295 2109 397 2151 eorum
417 2089 508 2148 etiem
522 2089 648 2148 hebetur
662 2091 755 2166 epigr.
772 2093 822 2164 83,
839 2091 874 2150 de
889 2111 947 2167 que
960 2109 993 2151 re
1008 2090 1166 2170 supradixi,

225 2175 327 2234 docuit
339 2192 393 2234 nos
408 2190 593 2250 magnacum
607 2175 976 2236 comiteteHeinemcnnus
987 2175 1167 2236 bibliothecae

227 2256 470 2318 Guelferbitcnee
483 2257 660 2331 praefectus.

289 2344 340 2414 81,
357 2341 375 2398 2
390 2341 543 2416 Respectus
556 2341 721 2414 Rsinesius,
736 2343 905 2418 Perspectus
919 2363 947 2403 v.
1211 2397 1212 2408 ,

290 2443 314 2484 c.
331 2427 380 2485 82.
404 2423 585 2485 Varietatem
604 2426 749 2485 librorum
764 2427 964 2488 Bruxeliensis
984 2429 1015 2486 et
1028 2427 1167 2488 Monacen—
1211 2411 1212 2498 l

228 2511 268 2572 sis
281 2511 466 2586 potissimum
484 2509 581 2570 efferri
601 2528 662 2570 non
682 2512 785 2584 putavi
800 2512 930 2570 alienum
951 2531 968 2569 s
986 2530 1028 2584 re,
1044 2531 1102 2587 quo
1115 2531 1167 2588 per-

227 2595 390 2671 spiceretur
404 2613 454 2654 eos
469 2593 637 2654 consimiles
651 2594 739 2668 plene
755 2597 786 2653 et
800 2611 941 2672 conpares
955 2596 1084 2672 vulgetis
1100 2597 1167 2654 Pris-

227 2697 352 2756 peorum
368 2679 497 2754 sylloges
513 2679 665 2753 exemplis.

290 2763 340 2838 87,
359 2763 386 2835 5,
404 2763 433 2835 7,
452 2763 499 2834 13,
517 2763 566 2835 32,
583 2764 621 2819 37
638 2764 733 2836 cuperet
746 2763 855 2838 ubique
870 2764 904 2822 Β.

289 2850 356 2910 ihs
374 2846 500 2921 7777777777
513 2844 778 2918 liberOuiecienus,
795 2847 939 2921 Triphalle
948 2867 987 2920 v,
1002 2845 1166 2923 Priuerni.

289 2933 330 2991 ib.
349 2934 386 2991 16
401 2931 523 2992 7777777777
535 2930 602 3004 ΒΜ,
613 2931 744 3004 petitus
759 2930 795 3005 03
813 2932 849 2990 cf.
864 2932 936 2990 Luc.
951 2931 1042 3004 XXX,
1057 2933 1094 2990 41
1109 2933 1139 2991 G.

289 3015 329 3072 ib.
348 3017 395 3087 17,
415 3018 452 3074 18
466 3016 509 3073 ite
522 3014 612 3073 hebet
625 3015 750 3090 scriptos
761 3016 792 3073 M
806 3017 920 3076 77777777
933 3031 1017 3076 secus
1030 3016 1167 3088 futrteebt

228 3097 347 3157 7777777777
358 3097 443 3167 letes,
455 3102 486 3157 st
496 3099 521 3155 B
533 3101 648 3159 7777777777
661 3116 744 3161 secus
754 3101 864 3162 estoces
874 3099 1029 3173 adsrieabit
1039 3102 1168 3175 7777777777
1210 3161 1211 3180 ,

228 3181 321 3250 7777777,Ι
337 3180 373 3238 cf.
389 3181 487 3240 adnot.
505 3182 580 3240 Seai.

290 3266 330 3323 ib.
349 3263 387 3322 19
407 3281 425 3322 e
444 3281 510 3323 77777
530 3266 648 3338 scripsi,
670 3285 686 3325 o
706 3270 753 3327 cui
774 3267 886 3342 Ouiae,
910 3269 980 3326 Bet
995 3269 1026 3326 M
1046 3271 1167 3331 exhibent

228 3352 357 3407 metrum
379 3349 438 3406 tale
459 3353 490 3408 ct
509 3365 525 3407 0
547 3345 591 3424 (at
610 3349 661 3406 hes
674 3350 718 3426 M)
740 3353 849 3411 sceleste
870 3351 988 3430 (scelesti
1002 3353 1045 3432 M)
1061 3359 1168 3430 pertiso

227 3450 323 3491 77777777
337 3433 455 3491 malurn.
485 3432 547 3489 Alii
562 3431 660 3489 minus
675 3433 750 3492 bens
765 3437 874 3497 sceleste
883 3439 970 3510 perc-ts
984 3455 1001 3496 o
1015 3456 1103 3498 77777777
1115 3458 1168 3499 mc»

228 3516 289 3574 777777
300 3532 396 3589 prece.
