2444 4056
215 209 252 256 lv
586 189 799 246 PRAEFATIO.

214 362 459 437 interpolationes
476 378 548 434 quae
563 359 708 417 Italorum
723 377 776 433 per
791 376 865 416 saec.
881 359 936 417 XV
951 360 1093 435 libidine,
1120 380 1178 420 mor

216 445 358 523 scaligeri
378 450 408 503 et
434 444 560 502 aliorum
582 441 669 501 Sexto
692 446 875 501 accesserant
897 444 1113 520 librorumque
1137 447 1178 519 qui

215 532 272 606 ipsi
298 531 470 590 viderentur
492 529 670 602 optimorum
692 526 846 586 adserendi
874 526 1015 587 lectiones
1038 533 1070 587 et
1102 548 1177 587 recu-

215 615 323 690 peratis
345 615 405 672 iam
425 614 606 672 sincerorum
628 609 761 668 codicum
782 611 961 669 testimoniis
977 630 1009 670 ac
1032 611 1178 672 falsorum

215 698 319 756 fraude
341 698 465 771 depulsa
486 694 662 754 emendandi
683 695 733 752 via
755 697 990 766 11111111111,
1015 715 1097 772 quae
1124 715 1177 753 cor·

214 787 303 857 rupta
330 801 393 840 1111
421 781 480 854 ipsi
505 782 583 838 esset
609 796 790 853 persuasum.
834 777 899 837 Hoc
926 782 1026 838 autem
1054 797 1178 838 munere

215 870 278 924 tam
300 865 417 942 egregie
445 864 564 921 functus
587 865 647 932 est,
676 879 784 918 nomen
805 863 868 920 eius
889 865 924 920 ut
946 864 985 921 sit
1007 862 1177 922 habendum

215 950 295 1008 haud
318 949 406 1006 dubie
428 947 507 1005 inter
529 946 646 1020 eosqui
667 945 830 1020 plurimum
850 945 987 1019 profuere
1009 945 1175 1022 Propertio.

214 1034 292 1090 Nam
314 1031 370 1090 etsi
391 1030 491 1088 Puccii
513 1029 657 1102 excerptis
680 1047 715 1088 ex
736 1029 942 1104 antiquissimo
963 1031 989 1088 11
1011 1029 1057 1089 dis
1078 1031 1176 1105 placet

216 1116 316 1174 codice
337 1114 513 1173 Bernardini
528 1113 633 1170 Veliae
648 1113 743 1171 ductis
758 1113 885 1170 nimium
906 1113 975 1172 fidei
996 1114 1105 1172 babuit
1127 1130 1174 1170 nec

214 1200 290 1256 illud
307 1199 457 1273 perspexit
471 1198 617 1272 potiorem
637 1196 726 1272 longe
741 1215 803 1255 esse
817 1196 928 1254 librum
943 1197 1174 1272 Neapolitanum

215 1281 418 1358 Groningano,
440 1285 540 1340 tamen
554 1281 646 1339 verba
666 1281 813 1354 Propertii
834 1281 987 1340 immensis
1008 1284 1080 1341 tunc
1105 1287 1172 1340 tem·

214 1368 293 1440 poris
322 1367 481 1441 depravata
506 1365 783 1439 interpolationibus
811 1364 947 1439 plurimis
975 1365 1007 1424 in
1035 1366 1111 1424 locis
1141 1362 1172 1420 ad

214 1451 371 1524 pristinam
392 1451 526 1520 formam,
548 1450 675 1507 laceram
697 1448 818 1523 quidem
838 1447 921 1506 illam
942 1452 972 1509 et
993 1451 1171 1517 mendosam,

214 1536 265 1594 sed
293 1535 390 1592 fucata
412 1534 508 1607 specie
530 1533 593 1591 veri
621 1537 768 1590 carentem
796 1533 956 1592 revocavit.
1001 1533 1079 1591 Tum
1101 1550 1172 1608 quae

215 1619 374 1694 depravata
395 1618 571 1675 viderentur
588 1617 646 1689 ipsi
672 1617 734 1674 sive
756 1616 882 1674 aliorum
903 1633 975 1676 usus
997 1617 1172 1676 coniecturis

214 1703 276 1762 sive
297 1702 426 1777 propriis
447 1719 556 1776 magna
578 1718 612 1757 11
634 1702 718 1774 parte
740 1699 866 1760 feliciter
888 1719 955 1759 cum
977 1704 1127 1774 sanasset,
1150 1699 1172 1756 si

212 1789 313 1846 tamen
340 1805 448 1845 avaro
475 1803 699 1859 nonnumquam
728 1783 889 1856 aberravit,
918 1785 989 1860 quid
1010 1784 1171 1844 mirumin

214 1872 436 1930 adulescentulo
459 1872 509 1928 vix
531 1869 639 1944 viginti
661 1867 827 1926 annorum?

276 1955 396 2027 Duplici
420 1957 519 2012 autem
545 1953 633 2010 modo
660 1953 761 2009 evenit
788 1955 823 2010 ut
851 1953 931 2027 quod
963 1971 1068 2012 verum
1097 1953 1171 2012 esset

213 2038 291 2094 haud
313 2054 380 2092 raro
402 2055 470 2093 eum
491 2036 618 2092 falleret.
662 2034 796 2092 Primum
818 2038 897 2096 enim
919 2037 1053 2096 codicum
1081 2039 1169 2096 since·

212 2138 314 2178 rorum
335 2119 484 2190 lectiones,
509 2137 581 2193 quas
603 2118 654 2176 diu
677 2120 825 2178 oblivione
847 2139 958 2180 mersas
980 2122 1043 2196 ipse
1064 2135 1169 2197 magno

214 2223 280 2262 cum
301 2203 402 2261 labore
424 2204 549 2261 eruisset
570 2206 600 2262 et
623 2205 707 2277 quasi
735 2205 797 2262 iure
825 2205 1002 2279 postliminii
1024 2205 1167 2270 donasset,

213 2287 348 2346 afraude
362 2287 493 2362 integras
508 2287 583 2359 illas,
600 2291 729 2346 ceterum
739 2292 841 2362 aperte
856 2292 1007 2364 corruptas
1022 2289 1169 2348 interdum

213 2371 350 2446 cupidius
374 2374 419 2429 est
440 2373 565 2445 tutatus,
589 2373 671 2430 cuius
686 2372 776 2430 studii
797 2373 891 2432 socios
913 2373 1017 2430 habuit
1030 2372 1170 2432 Iacobum

213 2459 243 2516 11
263 2456 421 2530 plerosque
444 2455 526 2514 alios.
569 2455 683 2514 Deinde
705 2457 752 2514 hic
772 2456 835 2514 illic
849 2457 1025 2516 coniecturis
1046 2455 1168 2514 indulsit

213 2543 264 2596 aut
285 2557 346 2598 non
360 2540 532 2599 necessariis
548 2545 600 2598 aut
620 2541 709 2598 nimis
725 2541 862 2598 violentis
878 2543 930 2598 aut
950 2541 1071 2614 talibus,
1096 2555 1167 2615 quae

212 2623 317 2682 melius
339 2626 524 2682 mutarentur
545 2625 671 2682 aliorum
693 2624 862 2683 criticorum
882 2625 1023 2684 inventis.

276 2706 331 2765 Sed
354 2709 390 2766 ab
418 2707 464 2766 his
487 2727 560 2783 quas
582 2709 669 2767 modo
691 2709 811 2782 exposui
831 2708 995 2766 rationibus
1016 2710 1106 2783 longe
1128 2706 1165 2764 di·

211 2811 311 2851 versae
333 2792 402 2850 illae
426 2809 498 2866 quas
521 2795 638 2850 secutus
660 2795 705 2850 est
726 2792 757 2849 in
772 2792 949 2850 ereticorum
969 2792 1054 2850 libris
1069 2809 1164 2850 recen·

211 2878 310 2936 sendis
325 2875 402 2935 anno
416 2873 699 2934 MDCCOXXVIIH.
736 2873 813 2934 Nam
833 2895 900 2934 cum
921 2875 1075 2950 probasset
1095 2873 1164 2932 iudi-

212 2960 295 3017 cibus
322 2959 435 3019 idoneis
465 2961 544 3018 viam
571 2962 656 3018 antea
689 2961 794 3019 initam
822 2960 982 3018 confutatis
1014 2957 1165 3017 fraudibus

210 3041 354 3100 Italorum
376 3045 613 3118 antiquissimam
641 3043 768 3104 formam
794 3045 972 3118 scriptorum
993 3042 1165 3102 Latinorum

209 3127 415 3201 recuperandi,
449 3147 466 3184 a
494 3147 553 3202 qua
579 3129 674 3187 omnis
702 3128 878 3187 emendandi
905 3147 952 3186 111
980 3130 1009 3184 11
1036 3127 1164 3186 studium

209 3210 454 3284 proficisceretur,
476 3230 549 3285 quas
564 3213 651 3270 modo
665 3212 819 3286 Propertio
833 3211 962 3270 rationes
977 3212 1036 3268 iam
1052 3209 1163 3268 Catullo

211 3297 241 3352 at
262 3294 379 3354 Tibullo
401 3295 536 3353 adhibuit
556 3290 645 3354 idem.
688 3296 725 3354 ld
751 3295 844 3370 igitur
864 3295 1051 3369 potissimum
1072 3293 1164 3353 voluit

211 3377 325 3435 efficere
353 3378 481 3436 editione
508 3397 600 3450 nova,
632 3383 667 3436 ut
698 3380 867 3453 legerentur
895 3378 1072 3439 eroticorum
1097 3374 1163 3434 libri

209 3479 270 3520 non
293 3461 394 3536 quales
417 3461 453 3517 ab
481 3462 554 3534 ipsis
576 3461 744 3520 auctoribus
766 3461 866 3520 essent
887 3462 986 3520 emissi
1007 3461 1040 3518 111
1061 3461 1162 3537 volgus
