2492 4022
62 233 109 300 n]
385 229 551 286 ennean.

279 419 319 470 ν
422 393 501 468 XV.

62 519 152 582 misso
173 517 253 582 mihi
273 537 341 580 non
363 517 441 581 satis
463 517 623 583 modestas

62 623 178 686 umque
201 601 344 666 athilerit
363 623 476 666 manus
499 603 620 687 agello,

62 711 91 751 re
112 687 227 751 sentiet
248 708 317 751 esse
338 707 405 751 non
427 685 611 806 spadonem.

62 772 235 836 ιιιοιιιιιιι
255 769 334 836 haec
355 771 417 834 sibi
438 771 546 836 iste:‘
554 792 649 836 nemo

71 858 150 920 inter
103 855 302 920 tirutices
323 853 395 919 loco
417 859 540 920 remoto

62 942 178 1005 cissum
200 939 281 1004 sciet
302 961 371 1004 esse
392 947 471 1024 rne‚’
495 940 551 1004 sed
572 943 665 1006 errat.

62 1028 112 1090 nis
132 1023 268 1090 'testibus
290 1025 352 1088 ists
372 1045 423 1090 res
446 1029 569 1110 agetur.

387 1165 530 1176 -.-

417 1257 512 1330 XVI

62 1380 135 1442 ibus
156 1377 201 1444 Hi
247 1400 376 1445 omenes
397 1381 505 1464 rapuit
527 1379 724 1446 Schoeneida
745 1382 865 1466 pomis,

62 1465 178 1528 ualibus
199 1401 413 1561 ιιιειιοιιιιιιιιι
433 1465 553 1530 nobilis
574 1465 687 1531 hortus
713 1469 795 1550 erat,

62 1551 95 1612 ia
117 1547 300 1646 eredibilest
321 1551 513 1634 spatiantem
534 1572 606 1614 rure
615 1554 762 1648 'paterno

62 1633 206 1698 ausicaan
226 1633 323 1718 pleno
346 1657 439 1718 saepe
461 1635 621 1699 tulisse
595 1657 683 1718 srnu,

62 1718 166 1782 efuit
187 1719 321 1802 malum,
344 1720 429 1803 quod
450 1719 543 1782 litera
562 1719 670 1802 pinxit
688 1719 823 1803 Aconti,
929 1731 947 1782 t

62 1827 94 1866 ra
115 1803 198 1866 lecta
219 1803 334 1888 cupido
354 1807 450 1952 pacta
467 1803 578 1902 puella
599 1804 715 1866 virost:

62 1911 72 1950 ι
94 1888 233 1985 quinque
254 1910 333 1972 puer
376 1910 476 1952 ommi
497 1887 641 1952 florentis
663 1888 760 1972 agelli

65 1973 173 2056 posuit
193 1994 336 2058 mensae,
358 1973 442 2038 nude
463 1972 594 2057 Priape,
616 1975 700 2037 tuae.

386 2113 539 2124 ,--.---

293 2195 330 2259 V
403 2205 516 2278 XVII.

63 2349 213 2393 mecum
233 2329 308 2410 tibi,
332 2329 460 2393 circitor
480 2330 638 2394 moleste?

63 2435 105 2476 ne
128 2413 205 2510 quid
224 2412 376 2498 prohibes
399 2415 506 2478 venire
527 2415 653 2480 finem?

63 2497 171 2560 i'dat
144 2519 230 2562 sme:
252 2499 354 2562 laxior
374 2497 499 2563 redibit.

391 2629 535 2640 ——-—-—-

397 2713 528 2787 xvnl.

64 2835 201 2900 moditas
222 2835 301 2902 haec
324 2837 429 2901 estin
449 2840 561 2901 nostro
582 2838 720 2902 maxima
741 2858 839 2923 pene,

64 2944 109 2984 ixa
132 2921 220 3006 quod
241 2943 310 2986 esse
331 2921 412 2984 mihi
432 2921 553 2986 femina
573 2924 662 2987 nulla
681 2925 799 3007 potest

389 3049 541 3060 ιιο--ι-

277 3138 299 3202 ι
362 3135 536 3222 Ι,ιιιιΠιι

65 3268 154 3334 ,ando
177 3268 350 3334 Telethusa
372 3270 568 3354 circulatrix,

87 3355 216 3419 clunem
237 3357 347 3419 tunica
368 3358 498 3440 tegente
519 3356 609 3420 nulla

65 3440 86 3502 is
110 3440 219 3523 aptius
241 3441 406 3524 acriusque
427 3443 544 3523 motat,

65 3524 135 3588 abit
156 3525 219 3590 tibi
239 3525 413 3588 fluctuante
435 3524 559 3608 lumbo,

762 3623 796 3676 71
