2492 4022
362 221 597 280 FRAGMENTA.
625 259 626 262 =

95 387 282 450 Venerem
304 386 404 470 igitur
426 385 545 450 almum
567 385 719 470 adorans,

97 493 163 534 seu
189 470 410 534 femineisve
432 491 501 534 mas
524 472 589 553 est,

99 558 152 618 ita
177 559 221 618 ut
245 555 321 618 alba
342 553 553 618 Noctilucast.

95 656 198 707 :obius
219 655 277 706 sat.
295 653 347 719 ΙΙΙ,
365 659 390 719 8,
408 662 424 708 3
442 653 477 708 de
490 653 599 708 Venere
617 669 694 708 mare
713 669 746 707 ac
762 653 868 708 femina
883 655 965 710 ‘bae-

95 725 164 775 iam
178 722 224 776 sic
244 724 302 774 ait’
321 738 345 776 e.
358 736 385 788 q.
398 739 418 774 s.
441 720 540 775 Laevii
555 738 657 776 nomen
669 721 814 775 substituit
825 721 966 790 Hauptius

146 806 176 857 g.
202 795 255 854 44,
278 789 354 842 idem
377 796 457 842 ‘seu’
481 805 611 843 necnon
635 789 724 843 ‘isve'
749 789 887 856 reposuit,
914 806 968 843 nos

96 869 103 891 τ
146 856 327 910 cctilucast’
350 857 411 910 cdd.
425 855 507 910 ‘sive'
526 857 591 910 ‘uti’
610 856 775 910 ‘Noctiluca
792 859 864 922 est3‘
883 873 966 924 prae·

95 926 183 978 alba’
205 924 310 993 scripsi
327 940 379 992 pro
399 923 481 977 alma.

109 1027 257 1090 humum
278 1025 421 1090 umidum
442 1025 575 1110 pedibus
597 1026 689 1091 fodit.

96 1127 202 1180 cianus
220 1143 272 1194 pg.
290 1131 352 1180 718:
370 1126 486 1179 ‘humus
503 1124 589 1178 humi.
612 1126 666 1180 hoc
684 1125 770 1180 etiam
786 1127 918 1182 neutrum
935 1125 965 1180 in

95 1194 191 1248 sinens
210 1193 357 1247 invenitur
374 1193 451 1262 apud
467 1194 589 1259 veteres,
613 1195 767 1248 secundum
790 1195 866 1262 quod
883 1210 964 1264 opor-

95 1279 149 1315 ano
163 1261 387 1315 declinationem
404 1261 528 1315 servavit
544 1261 573 1314 L.
590 1261 621 1314 in
632 1262 749 1316 Adone.’
775 1261 904 1316 imitatus
922 1263 966 1316 est

97 1347 132 1381 us
150 1329 182 1382 in
200 1329 338 1396 Thyeste,
357 1327 435 1382 cuius
453 1329 553 1384 eodem
574 1328 593 1382 l.
612 1329 695 1384 affert
716 1347 742 1382 v.
760 1329 857 1394 Prisc,
877 1339 965 1384 ‘mer-

95 1397 197 1462 ,uentis
222 1397 351 1450 umidum
371 1397 483 1474 plantas
505 1397 641 1450 humum!
678 1397 809 1452 Ceterum
830 1397 896 1450 libri
912 1396 964 1450 bu-

100 1506 106 1517 .
143 1465 187 1518 De
207 1480 291 1534 apro,
310 1466 359 1530 qui
376 1464 525 1534 intercepit
541 1463 675 1531 Adonim,
694 1464 796 1534 egitur.

114 1563 226 1619 Gellius
244 1564 359 1632 XVIIII,
378 1572 405 1620 7:

98 1665 166 1716 agro
185 1647 326 1703 Vaticano
344 1648 455 1703 Iulius
471 1650 601 1704 Paulus
617 1652 715 1720 poeta,
734 1651 885 1705 virbonus
903 1651 932 1705 et
948 1656 964 1705 1

107 1718 314 1784 literarumque
332 1718 460 1771 veterum
483 1717 599 1786 inpense
623 1718 734 1784 doctus,
756 1717 931 1772 herediolum

99 1785 272 1853 possidebat.
295 1784 336 1838 Eo
354 1801 439 1852 saepe
456 1801 508 1839 nos
525 1785 562 1837 ad
574 1802 633 1839 sese
646 1786 769 1839 vocabat
780 1787 810 1840 et
821 1785 930 1839 oluscu-

95 1853 204 1919 misque
228 1852 296 1906 satis
319 1851 437 1906 comiter
462 1851 631 1921 copioseque
652 1851 802 1906 invitabat.
836 1852 967 1920 Atquet

95 1920 138 1973 >lli
156 1921 278 1986 quodam
295 1919 473 1988 tempestatis
491 1921 642 1974 autumnae
655 1918 701 1974 die
714 1936 767 1988 ego
780 1921 809 1973 et
821 1920 932 1974 Iulius

99 2006 174 2053 nus,
192 2004 256 2107 lcum
265 1987 310 2107 Iad
328 1989 634 2109 eumAffeneesernusdiist
645 1987 721 2056 apud
733 1988 931 2108 mensamleius

95 2058 931 2192 liciebat?fiai:schematizarunt

95 2190 216 2259 signiter
232 2191 371 2244 dictorum
388 2191 417 2243 in
434 2190 610 2244 Laeviano
632 2189 681 2244 illo
700 2190 822 2246 carmine
845 2191 930 2244 rumi-

95 2277 151 2311 nur.
188 2257 227 2311 Vt
247 2273 376 2325 quaeque
397 2275 453 2313 vox
475 2259 600 2312 indidem
629 2257 715 2327 digna
743 2259 931 2312 animadverti

98 2325 187 2392 nerat,
204 2341 259 2392 qua
270 2341 320 2378 nos
332 2341 444 2393 quoque
459 2342 604 2395 possemus
616 2327 671 2394 uti,
688 2326 840 2381 memoriae
852 2343 930 2378 man-

95 2412 253 2516 ¹1iiriiautem
270 2461 368 2529 verba,
393 2477 465 2529 quae
487 2463 554 2516 tunc
577 2462 779 2530 suppetebant,
803 2460 967 2516 huiusce-3

95 2633 202 2715 crpore
224 2631 350 2719 (inquit)
371 2635 562 2716 pectoreque
583 2630 723 2715 undique
746 2631 842 2694 obeso
865 2649 903 2696 ac

95 2721 181 2780 sente
202 2719 328 2780 e'xsensa
348 2717 568 2802 tardigenuclo

95 2803 165 2865 tenio
186 2801 373 2885 obpressum.

96 2927 161 2971 sum’
178 2917 219 2971 hio
234 2919 390 2972 notavimus
407 2917 520 2987 proprie
537 2919 641 2986 magis,
665 2933 751 2984 quam
768 2915 872 2971 usitate
890 2917 932 2972 di-

95 3002 161 3054 ipro
178 2986 338 3052 exiliatquo
356 2985 524 3054 gracilent03
543 2986 646 3062 vulgus
664 2985 738 3039 enim
757 2986 867 3052 ἀκύρως
886 2986 932 3040 vel

95 3055 265 3121 :dvcippuout
283 3055 429 3107 ‘obesum’
452 3069 503 3120 pro
522 3053 602 3106 uben
626 3053 711 3120 atque
733 3051 832 3174 ρίῃὲυί
855 3053 932 3107 dicit.

95 3122 259 3187 iactavimus,
271 3123 348 3188 quod
360 3121 541 3175 ‘obliteram’
554 3121 669 3188 gentem
683 3137 735 3188 pro
748 3129 780 3175 ‘o
800 3121 930 3175 literata’
950 3127 968 3174 4

95 3208 110 3254 :3
126 3190 197 3256 item,
213 3189 282 3256 quod
299 3190 400 3256 hostis,
424 3189 474 3256 qui
490 3189 606 3243 foedera
627 3189 803 3258 frangerent,
827 3188 930 3244 ‘foedi
950 3195 966 3242 5

95 3266 142 3322 os’,
160 3273 209 3310 non
228 3257 454 3326 ‘foederifragos’
478 3256 560 3322 dixit,
582 3257 664 3322 item,
687 3257 763 3324 quod
784 3257 932 3310 rubentem
950 3261 965 3306 6

95 3342 153 3378 »ram
168 3325 404 3402 ‘pudoricolorem’
423 3324 581 3393 appellavit
593 3325 622 3379 et
633 3325 810 3379 Memnonem
828 3321 929 3376 ‘nocti-

96 3395 255 3459 rem’31tem‚
277 3393 353 3458 quod
371 3393 475 3446 ‘forte'
494 3394 658 3447 dubitanter
679 3393 709 3446 et
732 3393 767 3444 ab
791 3407 837 3456 eo,
856 3389 930 3457 quod
950 3395 966 3443 7

95 3461 186 3525 ‘sileo’,
202 3461 308 3514 ‘silente
319 3461 396 3513 loca’
410 3460 482 3513 dixit
494 3463 523 3514 et
540 3459 770 3528 ‘pulverulenta’
784 3459 813 3511 et
832 3456 932 3524 ‘pesti-

96 3539 121 3582 a’
132 3531 156 3582 et
164 3528 396 3596 quod‘oarendum
404 3527 447 3581 tui
457 3530 512 3582 est’
525 3545 577 3596 pro
590 3529 649 3580 ‘te’
664 3526 797 3593 quodque
810 3533 930 3590 ‘magno
