2486 4010
187 200 249 265 100
572 204 768 262 suesanus
1019 192 1025 202 '
1090 211 1164 284 [nn

203 379 238 430 00
294 367 365 432 Hae
386 388 447 452 ego
468 369 503 431 te
524 369 595 432 sola
616 368 689 454 lege
710 369 830 434 redisse
852 370 958 454 uelim,

250 451 412 534 Armaque
435 474 508 516 eum
528 453 632 516 tulero
654 457 767 538 portae
787 453 893 518 votiva
914 454 1069 541 Capenae,

294 535 499 602 Subscribam
521 537 622 602 ‘salvo
643 541 736 622 grata
756 539 865 621 puella
884 538 974 602 viro?

627 734 708 806 ΠΠ.

252 857 280 924 Τ
339 858 423 922 eium
444 878 556 922 nemus
579 861 612 922 et
634 857 787 942 Tarpeiae
890 880 907 922 e
929 858 1139 944 sepulchrum

322 943 400 1007 abor
422 944 455 1006 et
476 942 599 1026 antiqui
620 942 733 1006 limina
755 945 848 1026 oapta
868 943 966 1008 Iovis.

254 1025 359 1091 Lucus
383 1029 451 1090 erat
471 1026 550 1090 felix
570 1025 726 1091 hederoso
747 1026 896 1091 conditus
918 1031 1026 1112 antro,

295 1111 460 1196 Multaque
480 1111 597 1176 nativis
620 1111 778 1194 obstrepit
798 1111 893 1175 arbor
914 1113 1020 1196 aquis,

228 1193 384 1260 oSilvani
405 1216 531 1259 ramosa
553 1195 682 1277 domus,
706 1216 769 1278 quo
791 1195 892 1260 duleis
915 1196 957 1260 ab
979 1199 1070 1264 aestu

295 1277 420 1343 Fistula
440 1282 569 1362 poturas
590 1279 637 1343 ire
658 1279 789 1343 iubebat
808 1301 895 1344 oves.
1084 1283 1087 1285 ’
1175 1291 1178 1294 ’

253 1361 350 1427 Hune
371 1362 482 1426 Tatius
504 1363 628 1426 fontem
649 1363 734 1428 vallo
756 1364 938 1449 praecingit
958 1385 1086 1450 soemo,

296 1446 438 1530 Fidaque
460 1449 613 1532 suggesta
635 1451 738 1511 eastra
760 1451 894 1512 coronat
913 1447 1022 1513 humo.

255 1531 339 1608 Quid
352 1534 422 1596 tum
443 1525 547 1680 thma
567 1531 798 1616 firit‚'tubieen
818 1533 924 1596 vicina
945 1531 1071 1598 Curetis
1177 1543 1180 1546 '

206 1630 240 1680 10
296 1615 377 1682 (lum
419 1637 460 1679 ua
493 1619 544 1680 ret
563 1616 652 1688 lento
673 1637 833 1680 murmure
856 1638 932 1683 saxa
952 1617 1050 1700 Iovis,

255 1702 364 1784 Atque
384 1637 440 1764 uti
461 1722 546 1765 nuno
566 1700 661 1764 terris
683 1700 830 1765 dicuntur
851 1701 922 1792 iura
942 1701 1093 1786 subactis,

298 1784 433 1852 Stabant
453 1783 597 1848 Romano
619 1784 686 1868 pila
707 1781 826 1850 Sabina
846 1784 942 1850 foro?

255 1869 366 1934 Murus
388 1870 480 1933 erant
500 1872 641 1934 montes:
673 1868 729 1933 ubi
749 1889 835 1933 nuno
857 1872 907 1932 est
927 1869 1014 1934 ouria
1036 1873 1163 1958 saepta,

298 1953 437 2018 Bellicus
460 1973 499 2016 ex
519 1953 576 2017 illo
597 1954 690 2018 fonte
711 1951 842 2018 bibebat
863 1975 971 2036 equus.

209 2052 241 2103 15
256 2037 342 2102 Hine
363 2036 501 2122 Tarpeia
522 2037 599 2114 deae
620 2037 745 2102 fontem
766 2037 893 2102 libavit:
915 2040 949 2102 at
970 2037 1020 2103 illi

298 2122 444 2206 Vrgebat
463 2121 604 2186 medium
625 2121 732 2186 fictilis
745 2141 826 2185 urna
847 2124 950 2204 eaput

257 2206 302 2271 Et
322 2205 400 2268 satis
421 2227 487 2270 una
507 2207 610 2270 malae
631 2206 738 2290 potuit
758 2227 845 2270 mors
867 2227 936 2270 esse
957 2205 1095 2291 puellae,

300 2286 387 2364 Quae
408 2289 511 2352 voluit
531 2290 674 2354 flammas
696 2288 807 2354 fallere
813 2339 822 2374 ,
845 2289 956 2372 Vesta,
976 2290 1073 2356 tuas?

257 2373 349 2439 Vidit
370 2373 512 2436 arenosis
534 2371 662 2436 Tatium
683 2373 851 2460 proludere
874 2375 996 2522 eampis

209 2472 243 2524 00
299 2457 452 2538 Piotaque
474 2476 532 2539 per
552 2455 650 2520 flavas
673 2478 761 2522 arma
784 2459 890 2522 levare
912 2459 946 2522 iu
970 2481 1016 2524 aa:

259 2539 433 2628 Obstupuit
452 2561 487 2604 re
514 2540 539 2604 's
560 2540 641 2604 faeie
664 2543 696 2605 et
717 2543 878 2626 regalibus
900 2543 1005 2627 armis,

300 2626 451 2710 Interque
473 2647 492 2690 0
515 2625 589 2690 litas
611 2625 729 2691 exoidit
748 2648 830 2690 urna
846 2649 969 2691 manus.

259 2711 319 2778 See
343 2732 360 2775 e
381 2711 437 2775 illa
458 2711 624 2774 inmeritae
647 2713 807 2778 causatast
828 2711 935 2775 omina
955 2711 1060 2796 lunae,

330 2798 346 2861 t
367 2794 428 2860 sibi
449 2795 499 2858 tin
546 2794 642 2859 endas
665 2794 746 2860 dixit
767 2795 802 2858 iu
824 2817 916 2860 amne
939 2816 1061 2861 eomas:

210 2894 243 2944 25
259 2878 360 2964 Saepe
381 2877 457 2943 tulit
477 2878 604 2943 bandis
627 2881 780 2965 argentea
801 2878 869 2943 lilia
889 2879 1062 2966 Nymphis,

301 2963 439 3029 Romula
459 2983 500 3027 ne
521 2963 638 3028 faeiem
658 2963 796 3028 laederet
816 2963 909 3027 hasta
929 2964 1019 3029 Tati:

259 3049 408 3133 Dumque
431 3047 517 3111 subit
537 3047 641 3131 primo
665 3045 823 3144 Capitolia
844 3045 955 3112 nubila
975 3049 1076 3134 fumo,

301 3131 440 3202 Rettulit
459 3129 591 3198 hirsutis
612 3128 742 3196 brachia
763 3132 974 3216 saturabis,

259 3215 305 3280 Et
326 3238 384 3280 sua
406 3215 541 3300 Tarpeia
560 3215 703 3280 residens
724 3216 770 3280 ita
789 3215 879 3281 flevit
900 3215 939 3282 ab
962 3237 1035 3282 aree

211 3313 245 3364 00
302 3298 460 3380 Volnera,
482 3300 588 3364 vicino
610 3321 679 3364 non
699 3299 850 3383 patienda
870 3299 956 3365 Iovi:

262 3381 291 3448 ‘l
339 3401 372 3445 es
395 3385 572 3446 castrorum
594 3386 626 3448 et
647 3383 757 3448 Tatiae
779 3385 938 3468 praetoria
959 3387 1084 3454 turmae

292 3403 349 3534 ᾖ
369 3464 511 3532 formosa
533 3467 633 3533 oeulis
655 3489 743 3534 arma
764 3467 882 3536 Sabina
903 3470 993 3557 meis,
