2476 4018
206 235 228 302 e
594 233 794 292 reornarn
1133 234 1176 306 [u.

220 415 256 468 2⁰
311 398 444 466 Discere
466 399 499 463 el
520 397 683 462 exclusum
705 395 781 480 quid
803 396 847 460 sil
868 393 956 460 abire
978 393 1125 479 domum;

269 483 340 552 Nec
361 483 426 548 iam
448 482 603 567 pallorem
624 481 744 546 totiens
765 479 921 544 mirabere
944 483 1102 564 nostrum,

313 570 381 633 Aul
402 589 458 633 our
479 567 541 631 sim
561 569 632 630 loto
654 586 787 661 corpore
807 564 916 628 nullus
937 585 1010 650 ego.

269 652 341 721 Nec
362 652 423 717 libi
444 651 596 716 nobilitas
617 652 737 748 polorrl
759 669 940 714 succurrere
963 648 1103 714 amanti:

316 736 431 804 Nescit
452 737 554 800 Amor
575 756 688 820 pnscrs
711 734 821 800 cedere
842 734 1046 819 imaginibus.

222 835 258 890 2⁶
273 821 366 900 Quod
386 821 413 886 si
435 841 533 906 parra
554 821 627 885 luae
649 819 773 884 dederis
793 819 929 904 vestigia
951 820 1074 903 culpae,

316 906 420 984 Quam
442 905 505 972 cilo
528 903 567 970 de
587 907 680 970 lanto
702 903 832 968 nomine
852 925 961 970 rumor
983 905 1058 968 eris!

274 991 353 1060 Non
376 1011 436 1077 ego
457 992 527 1054 lum
548 991 660 1072 potero
683 988 802 1053 solacia
823 988 906 1053 ferre
926 988 1066 1074 roganln',

317 1074 400 1143 Cum
421 1073 501 1138 mihi
523 1073 612 1138 nulla
632 1074 695 1138 mei
718 1071 760 1138 sil
781 1073 939 1138 medicina
958 1073 1045 1157 mali,

274 1159 337 1226 sed
358 1159 478 1244 pariter
498 1157 608 1224 miseri
630 1157 717 1223 socio
740 1178 778 1222 co
803 1179 892 1222 emur
913 1179 1022 1222 amore

223 1257 259 1310 ⁸0
315 1243 409 1308 Alter
430 1241 465 1306 in
487 1243 619 1307 alternus
640 1247 750 1306 mutua
794 1263 846 1306 ere
867 1243 949 1308 sinu.

276 1326 390 1410 Quare,
413 1325 489 1410 quid
509 1328 615 1412 possit
634 1349 705 1392 mea
727 1325 875 1410 Cynthia,
898 1326 1016 1409 desino,
1041 1325 1140 1408 Galle,

316 1411 492 1488 Quaerere:
513 1433 582 1476 non
602 1413 722 1496 inpune
743 1411 799 1476 illa
819 1413 934 1496 rogale
954 1411 1052 1476 venil.

616 1534 769 1546 ——q--n—

661 1625 724 1701 Vl.

274 1750 354 1819 Non
370 1771 429 1836 ego
444 1770 529 1814 nunc
540 1747 679 1814 Hadn'ae
690 1770 801 1815 vereor
813 1771 900 1814 mare
913 1771 1047 1816 noscere
1057 1751 1167 1830 lecum,

319 1835 420 1920 Tulle,
442 1855 544 1918 neque
564 1834 696 1919 Aegaeo
718 1834 831 1900 ducere
852 1835 923 1899 vela
944 1835 1023 1919 salo,

277 1919 359 1988 cum
381 1941 444 2004 quo
465 1917 625 2002 Rhipaeos
647 1920 768 2003 possim
790 1919 1002 1984 conscendere
1023 1924 1146 1983 montes

319 2004 524 2087 Vlleriusque
545 2001 639 2067 domo
661 2003 776 2069 vadere
797 2003 996 2089 Memnonia;

248 2087 342 2155 asad
363 2111 415 2153 me
437 2089 609 2172 conplexae
629 2091 829 2153 remoranlur
848 2088 945 2153 rerba
965 2089 1100 2172 puellae,

319 2171 506 2256 Mulaloque
526 2193 639 2257 graves
661 2194 755 2256 saepe
777 2173 882 2238 colore
903 2194 1023 2256 preces.

276 2253 338 2322 Illa
358 2255 439 2318 miln‘
459 2256 537 2319 tolie
559 2279 594 2320 ar
637 2259 686 2321 lul
707 2257 854 2323 noclibus
877 2258 968 2344 ignes

320 2339 365 2404 El
385 2341 527 2422 queritur
547 2363 570 2404 n
618 2361 653 2404 os
676 2363 745 2408 esse
766 2343 878 2406 relicla
899 2342 985 2426 deos,

277 2423 338 2490 Illa
359 2445 464 2490 meam
485 2423 565 2486 mihi
587 2424 650 2488 iam
673 2447 707 2490 se
729 2426 875 2512 denegat,
897 2427 952 2491 illa
973 2427 1122 2511 minetur,

231 2523 265 2574 10
321 2509 408 2586 Quae
430 2508 513 2572 solet
534 2509 661 2593 ingrato
683 2512 785 2576 tristis
808 2513 910 2576 amica
930 2513 1008 2576 viro.

147 2660 153 2674 ,
278 2593 339 2660 His
362 2615 422 2680 ego
444 2613 512 2657 non
533 2592 645 2658 horam
666 2616 797 2679 possum
818 2597 932 2661 durare
953 2598 1104 2680 querelis:

320 2681 351 2744 A
372 2680 491 2764 pereat,
515 2679 613 2762 siquis
635 2680 740 2744 lentus
762 2703 869 2747 amare
890 2684 1013 2766 polest!

277 2765 332 2830 An
352 2763 433 2828 mihi
454 2764 497 2827 sit
516 2764 599 2828 tanti
620 2763 730 2828 doclas
751 2786 946 2850 cognoscere
966 2765 1110 2830 Athenas

320 2849 426 2934 Atque
447 2847 545 2912 Asiae
566 2851 688 2912 veteres
711 2870 839 2916 cernere
862 2850 998 2934 divilias
1059 2849 1067 2864 '

230 2948 262 2998 1⁶
276 2934 323 3002 vt
343 2932 423 2998 mihi
445 2932 578 2997 deduola
597 2933 696 2997 faciat
718 2935 858 3000 convitia
878 2958 943 3020 pup
967 2936 979 2999 i

321 3017 460 3102 Cynthia
482 3020 514 3082 el
535 3018 656 3082 insanis
679 3039 736 3083 oro
755 3021 847 3084 nolet
866 3022 955 3084 mani
977 3042 1024 3103 us,

178 3131 180 3137 ·
279 3101 456 3198 Osculaque
479 3103 626 3187 opposito
648 3102 735 3167 dicar
756 3104 817 3168 eibi
839 3104 948 3170 debila
968 3108 1064 3170 vento

321 3185 366 3250 Et
385 3185 467 3250 mhil
488 3187 586 3251 infido
609 3187 717 3252 durius
739 3210 807 3253 esse
829 3189 920 3253 viro?

279 3269 328 3334 Tu
349 3270 455 3352 panni
476 3273 606 3336 meritas
630 3294 744 3338 conare
766 3275 867 3338 antire
890 3295 1014 3340 secures

228 3367 264 3420 20
319 3353 364 3416 nt
384 3355 491 3416 velera
511 3355 620 3416 oblitis
641 3358 710 3420 iura
730 3359 814 3422 refer
834 3359 939 3424 sociis.
977 3397 981 3400 -

278 3435 363 3502 Nam
383 3438 439 3496 tua
458 3456 526 3498 non
547 3438 634 3499 aetas
655 3458 806 3522 umquam
828 3444 962 3508 cessavit
984 3442 1092 3526 amori,

321 3519 452 3600 Semper
474 3519 666 3610 clamatae
689 3545 763 3588 cura
784 3527 846 3591 fuit
866 3527 1002 3612 palria03
