2444 4056
476 219 690 280 PRAEFATIO.
965 231 1065 293 xuvn

161 389 259 446 Immo
281 387 353 445 baec
369 405 436 445 cum
450 388 511 446 illis
526 389 646 447 omnino
661 389 753 449 fuisse
767 389 924 450 coniuncta
937 391 1063 466 antiqui-

88 477 147 532 tus
163 471 321 548 apparebit
334 472 424 544 ultro,
441 471 562 532 sirecte
577 471 727 547 disputate
736 473 926 548 videbuntur,
937 493 1012 549 quae
1028 473 1064 532 de

91 557 215 632 origine
231 559 262 614 et
276 555 346 613 fatis
360 555 447 614 huius
469 555 601 631 sylloges
616 573 707 632 supra
719 559 936 632 proposuimus.
967 558 1063 628 Quan-

90 645 164 698 tum
180 639 219 697 ad
235 641 369 698 auctores
384 640 559 712 carminum,
573 639 699 700 tertium
713 640 805 700 fuisse
819 639 920 702 Ovidii
936 641 1064 700 Senecae

91 723 227 782 rhetoris
249 725 365 782 constat
385 722 509 796 indicio,
532 742 621 799 porro
642 725 681 782 81
705 726 737 783 ct
756 725 797 783 82
818 743 836 782 e
856 723 976 784 Tibullo
996 744 1063 800 pro-

91 809 176 868 fecta
187 805 523 882 gravissimaOuiaciani
536 807 609 866 libri
623 807 766 868 asseritur
781 809 965 882 auctoritate,
980 811 1064 868 cuius

91 891 306 952 testimonium
326 891 377 965 qui
398 891 595 966 neglexerunt
613 909 710 967 neque
730 893 813 957 lusus
833 892 907 950 istos
922 894 1001 951 recte
1017 911 1064 950 ae-

92 977 237 1034 stimasse
256 977 288 1033 et
306 974 518 1038 hodiernorum
537 977 640 1034 vatum
662 975 772 1051 placita
793 975 922 1051 antiquis
948 975 1065 1034 dicendi

88 1061 169 1118 sunt
188 1057 339 1117 tribuisse.
369 1057 549 1119 Exciderant
569 1060 675 1134 opinor
690 1059 733 1118 eis
747 1059 887 1134 pleraque
902 1077 978 1134 quae
994 1057 1065 1118 Ovi·

91 1144 164 1202 diua
194 1161 327 1218 quaeque
354 1141 470 1202 Plinius
496 1143 589 1201 refert
615 1143 738 1202 uomina
760 1147 930 1218 poetarum,
956 1143 1064 1218 quibus

91 1228 191 1286 etiam
205 1226 316 1287 lesciva
329 1227 447 1302 pagina,
463 1227 526 1285 vita
540 1226 633 1300 proba
647 1227 714 1285 fuit.

160 1328 207 1385 De
226 1327 410 1401 reliquorum
432 1327 601 1385 auctoribus
620 1327 696 1388 nihil
715 1331 840 1401 constet,
860 1328 919 1388 nisi
940 1327 1020 1402 quod
1034 1331 1065 1385 et

94 1411 286 1472 doctissimos
305 1410 397 1470 fuisse
416 1411 552 1470 homines
572 1413 604 1469 et
622 1411 760 1488 Augusto
784 1413 920 1487 aequales
945 1411 1065 1471 videtur

95 1498 224 1561 eertum.
254 1495 358 1569 Neque
378 1494 455 1552 illud
475 1498 521 1554 sat
543 1497 688 1570 apertum,
708 1497 773 1556 isne
787 1498 839 1573 qui
854 1497 976 1571 collegit
989 1495 1066 1553 hanc

95 1579 238 1655 syllogen
256 1579 321 1653 ipse
343 1579 479 1638 omiserit
496 1579 618 1638 nomina
646 1579 731 1655 siqua
751 1579 778 1637 ei
798 1581 1004 1650 innotuerant,
1027 1595 1066 1636 au

95 1662 215 1722 librarii
234 1662 272 1720 ab
292 1676 328 1720 eo
342 1660 412 1720 inde
426 1665 570 1738 tempore,
591 1681 649 1738 quo
663 1665 762 1722 totum
777 1682 851 1738 opus
865 1662 1000 1740 Vergilio
1015 1661 1064 1720 ad-

98 1747 191 1806 scribi
206 1748 345 1821 coeptum
359 1749 414 1805 est.
443 1745 604 1804 Imitentur
625 1747 837 1822 utplurimum
853 1745 1014 1817 Catullum,
1030 1763 1066 1803 ex

96 1829 272 1906 aequalibus
293 1829 477 1906 Vergilimu,
504 1829 630 1888 fortasse
656 1830 755 1887 etiam·
769 1829 923 1887 Tibullum
949 1831 980 1888 et
1004 1828 1064 1886 Ho-

97 1915 221 1973 ratium.
257 1912 361 1988 Neque
380 1931 474 1989 pauca
498 1915 602 1971 mutua
627 1914 781 1971 auctorum
807 1912 1004 1972 aemulatione
1030 1930 1066 1970 ex

97 1999 165 2073 ipsa
184 1999 240 2055 hac
258 1997 376 2072 sylloge
395 2015 542 2072 expressa.
573 1995 667 2071 Saepe
687 1996 731 2056 eis
752 2013 819 2055 cum
835 1995 941 2056 ovidio
961 2009 1065 2055 conve·

98 2084 162 2156 nit;
183 2098 239 2140 nec
258 2083 359 2138 temen
378 2081 488 2156 ubique
504 2083 627 2153 certum,
642 2079 723 2140 Naso
743 2080 812 2140 illos
832 2084 867 2139 ut
891 2081 1065 2156 plerumque

100 2165 238 2241 aequales
257 2165 384 2224 arcticos
398 2183 437 2224 an
450 2166 528 2223 hunc
542 2165 743 2240 expresserint
761 2166 829 2240 ipsi.
864 2165 950 2236 Quod
964 2167 1067 2223 contra

101 2249 191 2308 dubio
206 2251 287 2307 caret
301 2266 388 2322 saepe
399 2248 593 2324 Priapeorum
607 2249 744 2324 exempla
758 2249 914 2307 obuersata
925 2248 1065 2306 Martiali.

101 2333 200 2392 Aliter
215 2349 251 2390 ea
264 2349 318 2407 per
332 2331 541 2406 antiquitatem
564 2333 714 2392 observari
729 2335 851 2407 excepto
866 2333 993 2390 fortasse
1006 2349 1066 2390 uno

101 2417 232 2477 alterove
254 2415 335 2474 anth.
348 2416 458 2474 latinae
479 2417 608 2475 carmine
625 2420 660 2475 ut
675 2417 746 2489 923,
763 2415 917 2475 107411011
934 2414 1066 2473 memini.

163 2517 312 2590 Pleraque
328 2514 496 2591 argumenti
511 2517 582 2574 sunt
596 2516 742 2589 obscoeni,
757 2518 793 2573 ut
805 2515 855 2575 vel
868 2515 901 2574 in
914 2515 969 2573 bac
982 2517 1067 2590 parte

102 2600 327 2658 similitudinem
354 2617 497 2674 agnoscas
519 2597 639 2658 Catulli.
683 2599 788 2674 Neque
816 2602 918 2658 tamen
938 2598 1011 2657 talia
1031 2617 1068 2657 ex

102 2683 188 2742 huius
209 2683 354 2758 temporis
368 2683 487 2758 placitis
501 2683 554 2743 aed
567 2683 650 2742 illius
665 2701 724 2758 quo
738 2700 902 2758 provenere
917 2682 1067 2740 metienda

101 2767 267 2826 rationibus
287 2785 321 2825 ac
340 2765 465 2825 iudiciis.
503 2767 584 2837 Quae
604 2767 705 2842 qualia
722 2766 835 2825 fuerint
855 2767 967 2842 optime
982 2765 1066 2824 doce-

99 2870 169 2911 mur
182 2850 337 2910 versiculis
351 2851 515 2910 notissimis
531 2849 642 2909 Catulli

185 2971 256 3011 nam
271 2955 385 3012 castum
399 2967 464 3010 esse
479 2950 564 3008 decet
577 2951 661 3026 pium
675 2951 795 3025 poetam

186 3037 294 3110 ipsum,
309 3034 472 3094 versiculos
486 3033 563 3091 nihil
575 3035 733 3106 necessest,

185 3121 237 3195 qui
251 3122 317 3178 tum
332 3118 459 3192 denique
473 3116 585 3177 habent
598 3118 691 3176 salem
706 3135 740 3175 ac
753 3117 895 3194 leporem,

186 3205 211 3262 si
226 3202 287 3263 sint
301 3203 446 3262 molliculi
462 3219 496 3260 ac
509 3220 615 3277 pamm
629 3201 738 3277 pudici.

100 3303 260 3446 {nectarea
286 3304 415 3364 videnda
439 3322 514 3378 quae
541 3302 692 3378 praefatus
717 3306 765 3364 est
788 3304 841 3363 ille
866 3305 918 3379 qui
945 3303 1067 3379 collegit

127 3407 234 3464 napea.

164 3489 247 3548 Idem
263 3490 343 3566 quod
355 3490 431 3550 dixit
443 3490 515 3552 haec
526 3489 657 3550 carmina
670 3489 822 3563 incompta
835 3486 867 3542 id
875 3484 1067 3544 uehementer
