2470 4010
68 217 129 285 111]
442 213 558 268 Lmen.
579 274 580 277 Ἴ
946 208 988 274 39

68 375 875 526 tuille,Hirtulei‘'reticenti’-

68 546 215 628 epidantc
237 567 310 608 eum
330 545 452 628 recepit
473 545 532 610 dea
580 544 702 608 asithea
724 547 805 610 sinu.

68 654 78 692 1
99 631 134 694 de
156 630 261 714 quiete
281 629 373 692 molli
394 629 505 712 rapida
527 629 596 692 sine
617 630 704 693 rabie

68 716 127 777 mul
146 715 216 797 ipsa
236 717 365 797 pectore
385 714 473 777 Attis
495 735 552 776 sua
573 714 658 777 facta
679 714 827 797 recoluit,
955 725 988 776 45

70 799 219 881 quidaque
240 801 347 862 mente
369 798 449 861 vidit
470 799 539 862 siue
562 799 651 881 queis
673 798 790 881 ubique
812 799 909 880 foret,

68 884 144 946 nimo
165 885 329 946 aestuante
350 904 460 946 rusum
481 881 617 946 reditum
639 883 679 946 ad
701 883 782 946 vada
802 882 919 946 tetulit.

70 968 81 1029 i
100 967 194 1030 maria
214 971 304 1030 vasta
325 966 430 1030 visens
453 967 692 1031 lacrimantibus
715 967 830 1049 oculis,

68 1053 164 1114 uriam
186 1051 324 1115 allocuta
345 1053 498 1114 maestast
518 1052 563 1114 ita
584 1073 662 1116 voce
682 1052 849 1116 miscriter.

68 1136 150 1198 'atria
171 1157 190 1198 ο
211 1137 276 1198 mei
298 1136 447 1218 creatrix,
469 1136 573 1218 patria
596 1157 615 1198 0
637 1158 708 1199 mea
729 1136 890 1220 genetrix,
956 1146 990 1196 50

68 1241 100 1302 go
115 1242 207 1302 quam
228 1220 326 1284 miser
346 1221 546 1303 relinquens,
571 1220 717 1284 dominos
731 1223 768 1284 ut
783 1221 926 1305 erifugae

68 1305 150 1367 unuli
171 1305 291 1387 solent,
314 1303 356 1368 ad
376 1304 451 1368 Idea
473 1305 566 1368 tetuli
587 1325 719 1368 nemora
739 1304 868 1388 pedem,

68 1392 77 1450 t
95 1391 169 1472 aput
189 1389 296 1452 nivem
318 1391 352 1452 et
371 1389 509 1452 ferarum
530 1389 637 1472 gelida
659 1390 784 1452 stabula
804 1390 906 1453 forem

68 1477 74 1534 t
95 1496 199 1536 earum
220 1475 332 1556 operta
354 1473 474 1536 adirem
495 1473 667 1537 furibunda
687 1473 841 1538 latibula?

68 1558 165 1621 binam
179 1561 237 1621 aut
250 1558 364 1641 quibus
378 1558 458 1622 locis
472 1561 505 1622 tc
519 1559 671 1642 positam,
693 1559 812 1642 patria,
835 1557 928 1621 reor?
957 1567 991 1618 55

68 1643 124 1724 ipit
144 1643 215 1726 ipsa
235 1642 357 1726 pupula
378 1641 418 1704 ad
439 1644 472 1706 te
494 1643 555 1705 sibi
578 1643 714 1727 dirigere
737 1643 852 1724 aciem,

68 1728 129 1790 abio
149 1727 217 1790 fera
239 1747 350 1790 carens
372 1726 448 1789 dum
469 1726 563 1790 breve
584 1730 710 1810 tempus
733 1727 857 1790 animus
880 1728 938 1789 est.

68 1833 140 1893 gone
162 1833 180 1874 a
194 1833 266 1874 mea
279 1813 403 1874 remota
416 1810 494 1874 haec
514 1810 599 1873 ferar
613 1813 648 1874 in
662 1831 794 1874 nemora
809 1809 927 1872 domo?

68 1896 150 1978 stria,
169 1895 278 1979 bonis,
301 1895 426 1978 amicis,
449 1895 649 1980 genitoribus
672 1893 789 1957 abero?

68 1979 134 2043 bero
155 1980 243 2061 fore,
265 1981 438 2063 palaestra,
462 1979 565 2044 stadio
588 1983 620 2043 et
641 1977 851 2064 guminesiis?
959 1988 993 2039 60

68 2064 126 2126 iser
152 2086 172 2127 a
199 2064 310 2146 miser,
334 2064 561 2148 querendumst
582 2064 795 2160 etiamnatque
818 2062 928 2144 etiam,

637 2171 751 2212 anime.

68 2233 121 2296 rod
131 2232 216 2297 enim
228 2254 329 2318 genus
341 2234 502 2318 figuraest,
516 2254 575 2318 ego
587 2254 654 2298 non
665 2233 751 2315 quod
761 2229 949 2294 habuerim?

68 2339 101 2400 go
115 2318 238 2400 mulier,
255 2339 314 2401 ego
330 2318 526 2400 adolescens,
544 2339 603 2402 ego
620 2316 770 2400 ephebus,
786 2337 846 2399 ego
862 2335 950 2397 puer,

68 2423 100 2483 go
122 2402 282 2486 gnminasi
303 2402 351 2466 fui
371 2402 446 2484 flos,
469 2424 528 2491 ego
552 2423 639 2465 eram
660 2401 755 2464 decus
778 2400 854 2464 olei:

68 2485 111 2548 ihi
131 2487 245 2550 ianuae
266 2487 447 2571 frequentes
453 2536 463 2568 ,
485 2485 565 2550 mihi
587 2485 698 2550 limina
719 2483 843 2566 tepida,
962 2491 994 2542 65

68 2569 111 2632 ihi
131 2571 253 2634 floridis
275 2572 403 2634 corollis
424 2571 572 2634 redimita
594 2571 707 2634 domus
730 2572 811 2648 erat,

68 2656 252 2738 oquendum
272 2655 328 2718 ubi
350 2658 434 2718 esset
455 2659 525 2718 orto
547 2654 627 2718 mihi
649 2655 716 2718 sole
739 2651 929 2716 cubiculum.

68 2760 102 2820 go
122 2762 210 2804 nunc
225 2739 318 2804 deum
332 2739 479 2803 ministra
494 2742 526 2802 et
541 2739 676 2822 Cybeles
691 2736 811 2802 famula
824 2734 930 2798 ferar?

68 2844 102 2905 go
123 2825 272 2908 Maenas,
295 2845 355 2908 ego
377 2824 441 2888 mei
462 2847 552 2908 pars,
576 2847 635 2908 ego
657 2824 707 2887 vir
729 2821 845 2884 sterilis
868 2816 945 2881 ero?

67 2929 102 2989 go
124 2909 234 2972 viridis
257 2907 364 2991 algida
385 2907 461 2971 Idae
483 2910 556 2972 nive
579 2908 695 2970 amicta
717 2907 788 2968 loca
810 2902 936 2967 colam?
963 2913 997 2964 70

68 3014 102 3074 go
123 2994 223 3057 vitam
246 3014 339 3077 agam
363 2991 421 3055 sub
443 2993 515 3054 altis
530 2991 689 3074 Phrygiae
704 2987 932 3069 columinibus,

68 3077 93 3138 bi
115 3099 208 3142 cerva
230 3076 433 3158 silvicultrix,
455 3076 511 3139 ubi
533 3097 609 3157 aper
628 3071 875 3157 nemorivagus‘?

68 3183 98 3222 m
120 3165 186 3226 iam
209 3162 297 3225 dolet
317 3161 402 3245 quod
425 3161 491 3246 egi,
514 3159 578 3222 iam
599 3159 725 3242 iamque
746 3157 911 3240 paenitet?

68 3248 143 3310 >seis
164 3249 202 3310 ut
221 3245 297 3310 huic
318 3246 442 3310 labellis
465 3247 588 3309 sonitus
611 3245 694 3308 celer
715 3243 808 3326 abiit,

68 3333 184 3394 eminas
206 3330 338 3394 deorum
361 3331 402 3394 ad
423 3352 515 3396 aures
536 3351 620 3393 nova
640 3329 754 3392 nuntia
774 3326 931 3406 referens,
964 3332 998 3383 75

69 3416 79 3476 i
100 3417 212 3480 iuncta
233 3415 309 3500 iuga
329 3417 491 3480 resolvens
513 3414 632 3497 Cybele
654 3413 799 3476 leonibus

68 3522 231 3584 rerumque
252 3501 377 3584 pecoris
400 3499 526 3564 hostem
549 3498 716 3562 stimulans
737 3498 783 3558 ita
803 3492 955 3574 loquitur.
