2492 4022
209 291 248 340 vl
596 277 810 336 PRAETA'I'IO.

210 447 369 513 intervallo
384 446 564 522 diremptus3
578 446 611 504 id
621 445 702 521 quod
711 447 862 506 testantur
877 445 948 504 libri
961 445 1032 506 inde
1048 447 1175 522 deducti,

211 532 247 592 de
262 531 369 608 quibus
383 535 464 590 certo
479 534 603 602 mustei,
619 547 731 592 omnes.

275 613 416 676 Ceterum
441 633 478 676 ex
496 615 552 676 hoc
572 614 735 688 exemplari
755 613 915 674 deductum
935 613 1018 673 aliud
1037 634 1116 674 sace.
1136 617 1176 675 XI

211 699 330 762 videtur
353 699 445 762 fuisse
469 701 502 760 in
526 697 698 770 Germania,
725 717 824 774 aquo
849 717 1013 774 provenere
1039 705 1177 776 excerpta

210 785 429 861 inungente,
450 801 525 858 quae
544 801 562 842 a
581 782 685 858 queris
704 782 936 857 interpolatione
950 783 1099 842 immunia
1113 805 1175 860 pur-

211 869 268 928 tim
292 887 396 930 uersus
423 868 579 928 sententiis
604 867 812 928 communibus
837 867 887 925 vel
910 867 1023 926 aliare
1044 868 1176 944 insignes

211 953 322 1028 partim
341 952 434 1013 verba
449 953 563 1012 rariora
581 951 709 1010 maxime
731 968 768 1009 ex
787 951 926 1010 omnibus
948 950 1064 1010 Tibulli
1092 953 1176 1012 libris

179 1045 183 1052 ’
211 1035 318 1096 heusta
331 1037 493 1096 continent.

276 1121 412 1182 Tertium
426 1120 618 1196 apographon
627 1119 781 1195 archetypi
793 1119 889 1178 caruit
902 1119 980 1180 libro
995 1122 1104 1194 quarto
1120 1121 1176 1179 ele·

212 1205 339 1280 gerum,
365 1205 454 1264 simul
474 1205 569 1263 altero
590 1206 621 1262 et
646 1204 737 1263 tertio
757 1203 916 1263 contractis
935 1203 969 1262 iu
993 1222 1098 1262 uuum.
1143 1205 1177 1263 Id

212 1289 311 1362 ipsum
326 1288 389 1348 sive
404 1305 441 1349 ex
454 1305 489 1348 eo
500 1287 659 1346 deductum
673 1288 733 1348 fuit
745 1285 927 1359 saecVIllI,
943 1289 978 1346 ut
991 1287 1176 1362 perhibetur,

211 1372 245 1430 in
269 1372 410 1434 metrobio
430 1371 559 1447 quodem
584 1370 708 1432 Gallico.
737 1371 815 1430 Num
839 1371 871 1430 in
891 1371 1026 1448 catalogo
1047 1373 1178 1446 quodam

212 1455 358 1520 librorum
371 1457 410 1515 ab
423 1455 555 1532 Hauptio
570 1456 603 1516 in
613 1455 725 1516 Herma
738 1455 795 1529 ΙΠ,
809 1457 869 1514 ‘ml
883 1455 996 1531 publici
1008 1455 1082 1514 iuris
1099 1456 1177 1516 facto

213 1543 245 1600 et
258 1540 408 1616 aucupto
422 1541 513 1600 aetati
527 1559 616 1616 quam
631 1539 692 1600 dixi
705 1540 795 1600 habes
810 1539 896 1598 haec:
918 1537 988 1598 Albi
1003 1539 1116 1600 Tibulli
1129 1541 1176 1600 lib.

214 1622 256 1702 (h.
273 1643 299 1684 e.
314 1623 394 1701 libri)
410 1625 457 1684 ΙΙ.
481 1625 640 1684 Praeterea
653 1624 776 1686 tertium
789 1623 867 1682 illud
880 1623 1050 1698 exemplum
1065 1625 1177 1684 testan-

213 1711 264 1768 tur
282 1713 420 1785 excerpta
434 1707 585 1772 Vincentii
605 1709 835 1782 Bellovecensis,
857 1708 910 1782 qui
923 1725 1128 1783 quaecumque
1143 1727 1179 1767 ex

212 1793 357 1854 librolss
377 1793 491 1854 Tibulli
510 1794 609 1867 affert,
635 1793 743 1852 tribuit
762 1792 864 1866 alteri,
887 1807 942 1850 nec
957 1809 1029 1850 vero
1050 1811 1179 1867 usquam

212 1877 395 1940 mentionem
414 1879 499 1938 inicit
517 1878 625 1954 quarti.
654 1877 755 1952 Atque
774 1876 818 1935 ita
837 1876 926 1952 plene
940 1878 1081 1950 excerpta
1095 1876 1178 1934 Pari-

213 1964 292 2036 sino,
318 1962 473 2038 inquibus
488 1981 562 2038 quse
577 1980 613 2020 ex
628 1980 652 2020 o.
669 1963 686 2018 1
702 1961 723 2020 l.
738 1959 802 2018 ΙΠΙ
816 1960 993 2032 afferuntur,
1014 1958 1071 2018 hoc
1087 1961 1178 2020 titulo

213 2049 284 2106 sunt
303 2044 460 2123 inscripta:
490 2050 525 2106 tn
544 2047 721 2122 puneyprtoo
742 2045 901 2118 Messalae,
929 2045 1005 2102 sicut
1029 2044 1124 2102 ctiam
1146 2044 1180 2104 in

213 2128 364 2189 crusnam
389 2129 550 2206 fragmenti
577 2129 677 2189 fronte
702 2127 775 2188 tuit:
806 2129 1004 2204 panepyrtcus
1024 2129 1178 2188 Messalae.

211 2214 255 2272 At
274 2213 474 2290 Trisingensis
495 2214 668 2273 membrana
686 2212 832 2272 librorum
851 2215 937 2274 notas
957 2211 1047 2270 habet
1067 2213 1178 2272 nullas.

212 2297 297 2357 Idem
310 2295 487 2357 Vincentius
506 2315 595 2373 quem
616 2315 678 2358 non
694 2296 847 2374 integrum
868 2295 1036 2355 adhibuerit
1062 2295 1180 2355 Tibulli

90 2375 93 2382 ⁴
212 2382 376 2457 exemplar,
398 2380 450 2440 sed
470 2384 608 2458 excerpta
627 2401 664 2441 ex
682 2399 718 2442 eo
733 2399 807 2442 saec.
823 2379 914 2441 vim
928 2381 977 2440 vel
990 2379 1017 2440 X
1032 2379 1179 2454 confecta,

213 2468 338 2541 apparet
355 2467 403 2526 vel
423 2484 458 2524 aa
482 2485 529 2540 re,
550 2467 630 2542 quod
649 2469 768 2542 poetam
789 2467 958 2525 constanter
971 2465 1058 2523 vocat
1074 2463 1180 2522 Tibul·

211 2550 296 2624 lium,
320 2551 397 2610 sicut
416 2551 506 2609 etiam
526 2549 558 2608 in
571 2569 626 2610 ms.
641 2549 780 2610 Vulcanii
793 2549 867 2609 bibl.
881 2548 979 2624 Lugd.
994 2548 1035 2606 48
1049 2547 1181 2607 habetur

210 2633 364 2710 pronubis
386 2636 463 2713 tullii
487 2633 608 2705 crocus
632 2653 702 2694 nam
723 2636 756 2692 in
779 2633 964 2712 Trisingensi
989 2633 1069 2690 recte
1095 2635 1182 2692 extat

211 2717 414 2780 senticosus
428 2738 606 2794 quamquam
621 2736 704 2778 erasa
717 2720 787 2794 post
801 2718 938 2776 ultimam
952 2715 1084 2776 litteram
1098 2717 1120 2774 i.
1137 2717 1181 2775 Et

211 2805 244 2865 in
254 2804 390 2866 Parisino
405 2804 550 2880 florilegio
560 2806 649 2880 poeta
660 2803 768 2862 dicitur
776 2801 925 2876 Tibullus,
940 2819 1002 2862 non
1011 2799 1180 2876 Tibullius3

211 2890 291 2951 unde
310 2889 397 2950 facile
416 2889 565 2964 suspicere
584 2891 722 2962 excerpta
741 2887 923 2964 panegyrici,
943 2903 1019 2962 quae
1039 2884 1070 2946 in
1085 2901 1121 2943 eo
1138 2885 1180 2944 le-

213 2975 340 3050 guntur,
364 2975 482 3049 sumpta
502 2991 518 3032 e
540 2973 629 3049 pleno
650 2969 749 3031 codice
774 2971 920 3030 librorum
943 2969 1034 3030 illius.
1072 2967 1181 3044 Neque

213 3075 284 3118 vero
299 3057 381 3117 Albii
401 3077 512 3118 nomen
526 3059 558 3116 in
572 3056 643 3116 ullis
657 3055 777 3116 videtur
791 3055 916 3131 reperiri
932 3053 1078 3130 excerptis
1092 3072 1181 3130 prae-

212 3142 260 3200 ter
273 3140 483 3217 Trisingensia.

276 3222 390 3282 Eadem
404 3245 492 3300 quam
507 3225 682 3286 Vincentius
697 3224 832 3284 adhibuit
846 3223 1017 3299 anthologia
1030 3223 1082 3280 aut
1096 3225 1181 3281 certe

213 3327 250 3370 ex
268 3307 373 3368 eodem
393 3309 476 3367 fonte
497 3308 622 3368 deducta
642 3309 821 3369 membranis
840 3307 1021 3383 pervenistis
1040 3308 1183 3381 pervenit

212 3393 246 3452 in
267 3410 372 3450 manus
389 3391 541 3468 Scaligeri.
568 3393 646 3452 Nam
667 3411 742 3468 quae
765 3393 959 3470 proferuntur
974 3391 1010 3449 ab
1026 3407 1060 3450 eo
1075 3390 1181 3450 lectio-

128 3517 136 3527 .
212 3495 266 3535 nes
282 3475 411 3550 exceptis
426 3474 611 3550 paucissimis
626 3476 784 3536 mirificum
804 3478 838 3536 in
851 3475 974 3535 modum
989 3473 1183 3534 consentiunt

212 3576 282 3617 eum
308 3558 455 3633 excerptis
481 3557 640 3620 Vincentii.
683 3560 788 3637 Neque
808 3563 888 3620 recte
915 3578 946 3620 se
965 3559 1069 3631 hebet,
1098 3558 1183 3634 quod
