2464 4020
54 259 158 330 xri]
432 327 433 330 Ν
482 259 589 314 nono
609 261 671 318 nn
1015 258 1058 324 55

126 423 240 504 Atque
260 421 413 486 Arretino
436 420 572 506 frigidus
595 423 701 487 amnis
724 425 823 507 agro?

64 506 174 586 Iam,
197 505 331 568 nimium
354 504 504 570 Messalla
524 506 589 570 moi
610 506 766 591 studiose,
789 510 947 604 quiesoaS,
1039 523 1056 572 5

127 587 209 653 Non
229 589 437 671 tempestivae
460 610 553 673 saepe
575 591 754 674 propinque
776 613 855 658 viae.

68 672 152 738 Hic
175 673 316 736 animum
339 693 514 756 sensusun
535 695 623 738 meos
646 675 782 740 abducta
803 677 965 761 relinquo,

127 756 276 820 Arbitrio
299 757 449 840 quoniam
471 778 537 822 non
560 758 638 824 sinis
661 781 728 824 osse
751 781 831 824 meo.

498 897 649 908 -.---.-...

519 988 632 1063 VIIU.

76 1111 159 1176 Scis
181 1109 244 1176 iter
265 1133 304 1176 ex
325 1111 431 1176 animo
454 1111 613 1176 sublatum
635 1113 727 1178 triste
748 1114 894 1198 puellae?
951 1121 953 1126 '

129 1194 243 1259 Natali
264 1195 385 1260 Romae
407 1197 471 1260 iam
493 1196 568 1262 licet
590 1218 659 1262 esse
681 1200 746 1261 tuo.

75 1279 247 1346 Omnibus
269 1280 323 1344 illo
346 1279 412 1343 dies
434 1280 528 1343 nobis
549 1281 685 1365 genialis
709 1285 836 1368 agatur,

131 1363 194 1438 Qui
216 1384 275 1428 neo
298 1364 443 1447 opinanti
465 1385 550 1428 nuno
572 1366 631 1429 tibi
654 1366 736 1430 forto
758 1368 855 1432 venit

499 1503 650 1511 *-

458 1628 470 1638 ·
551 1593 582 1666 Χ

82 1715 274 1798 Gratumst,
298 1736 427 1781 securus
448 1717 584 1780 multum
607 1717 778 1800 quodiam
800 1717 861 1781 tibi
882 1718 921 1782 de
943 1739 995 1782 mo
1063 1787 1067 1796 ,

130 1800 310 1883 Permittis,
334 1800 439 1864 subito
461 1821 502 1863 ne
524 1801 607 1864 male
628 1802 739 1883 inepta
760 1801 886 1882 ondam,
984 1807 987 1810 ’

84 1883 124 1949 Si
146 1883 208 1948 tibi
230 1905 305 1948 cura
325 1887 421 1970 togae
442 1884 550 1966 potior
571 1905 778 1968 pressumque
800 1886 935 1968 quasillo

133 1966 283 2033 Scortum
305 1989 400 2051 qnam
422 1967 514 2034 Servi
534 1967 601 2032 filia
622 1967 777 2052 Sulpicia:

83 2052 228 2118 Solliciti
251 2056 326 2115 sunt
347 2073 405 2135 pro
427 2052 536 2136 nobis,
559 2053 673 2135 quibus
696 2053 753 2116 illa
774 2052 909 2136 doloris,
1041 2063 1059 2116 t

132 2135 184 2202 Ne
207 2136 317 2200 cedam
338 2137 451 2220 ignoto
458 2186 467 2218 ‚
493 2138 631 2200 maxima
654 2157 763 2218 eausa,
785 2140 868 2201 toro.

538 2367 602 2441 XI.

88 2491 195 2556 Estne
215 2491 292 2573 tibi,
316 2489 481 2573 Cerintho,
504 2495 576 2554 tuae
599 2491 652 2574 pia
674 2513 749 2557 cura
770 2493 909 2575 puellae,

135 2575 230 2651 Quod
251 2597 322 2639 mea
342 2597 429 2639 nuno
449 2578 543 2639 vexat
566 2596 698 2658 corpora
721 2576 805 2639 fesso
826 2575 939 2640 ooior‘?

90 2661 123 2724 A
146 2681 208 2744 ego
229 2680 298 2723 non
319 2659 411 2723 aliter
433 2659 540 2722 tristes
563 2659 708 2723 evincere
729 2659 859 2722 morbos

136 2743 299 2827 optarim,
345 2765 418 2808 uam
439 2746 480 2807 to
494 2743 521 2806 si
564 2763 669 2824 noque
691 2743 772 2805 velle
794 2745 913 2824 putem.

90 2829 140 2892 At
161 2827 242 2890 mihi
264 2765 345 2910 quii
359 2827 464 2911 prosit
484 2847 554 2890 mor
577 2847 613 2889 os
637 2826 797 2908 evincere,
822 2847 894 2890 oum
916 2830 952 2890 tu
1045 2837 1062 2888 o

135 2911 257 2978 Nostro
278 2915 369 2995 potos
391 2911 479 2976 lento
501 2912 631 2994 pertore
653 2910 736 2974 ferre
757 2909 865 2973 mala?

504 3055 653 3064 -·——

539 3159 619 3232 XII.

93 3283 145 3350 Ne
166 3283 227 3348 tibi
246 3284 320 3366 sim,
342 3303 413 3348 mea
432 3282 501 3365 lux,
524 3303 622 3366 aeque
642 3283 705 3346 iam
725 3280 847 3347 fervida
868 3302 958 3364 oura,

136 3369 187 3432 Ao
208 3367 319 3432 videor
340 3389 459 3452 pouoos
481 3370 555 3431 anto
577 3366 676 3431 fuisse
699 3365 780 3449 dios,

95 3450 150 3516 Sic
172 3453 340 3537 quiequam
362 3456 432 3516 toto
454 3451 589 3516 oonmisi
610 3450 709 3516 stulta
730 3451 874 3530 iuventa,

140 3534 237 3602 euius
259 3560 311 3603 me
334 3537 435 3602 fatear
455 3535 651 3622 paenituisse
673 3535 791 3618 magis,
