2464 4020
391 237 401 270 ·’
450 247 665 307 PRAEFATIO.
951 260 1044 309 xxur

142 419 184 477 ib.
200 419 251 490 37,
267 419 308 477 38
328 422 355 477 te
373 434 436 478 noa
454 419 516 477 clla
534 433 615 478 meae
634 419 717 478 laesit
730 417 898 492 percomta
911 419 1043 494 uocas

73 520 154 576 puae
174 504 243 562 solet
262 503 338 561 irato
357 502 449 562 diem
462 507 522 562 tolo
535 502 602 562 loco.
640 502 764 577 Icprcto
777 503 933 562 verissime
947 501 1041 562 Hein-

74 588 158 660 sius;
181 586 234 645 sed
247 586 325 644 male
339 585 419 644 idem
432 591 515 646 torvo
529 604 583 661 pro
598 589 665 658 tota,
687 585 768 662 quod
780 586 870 646 nimis
884 587 974 662 longe
990 587 1040 646 ab·

76 675 127 730 est
145 689 165 728 a
183 669 329 745 scriptura
342 672 453 742 vetere,
476 687 573 744 neque
589 669 821 728 adsentantium
836 673 949 746 aptum.
979 671 1041 730 Ma-

74 755 138 814 lius
153 757 219 812 erat
228 753 309 829 quod
319 753 451 828 Hauptio
465 753 578 828 placuit
592 758 694 822 taetra,
709 755 768 813 nisi
782 753 958 829 Propertius
973 772 1041 813 oum

78 838 202 897 Tibullo
214 840 246 896 et
254 836 405 913 plerisque
417 836 754 912 poetarumhatinornm
765 837 930 898 abstineret
938 839 975 897 ab
986 839 1041 897 hoc

76 921 227 980 adiectivo
247 922 335 997 plane
351 922 427 980 sicut
446 924 618 980 nostrorum
637 921 762 997 plurimi
782 922 820 979 ab
840 940 875 981 eo
895 922 975 996 quod
995 927 1042 981 est

72 1006 257 1066 scteussltct.
288 1003 463 1066 Ceterorum
482 1008 651 1066 commenta
670 1005 787 1064 adferre
809 1023 871 1065 non
892 1009 939 1064 est
953 1006 1040 1064 tanti.

75 1089 222 1149 Rescribe
232 1087 347 1156 duabus
356 1088 547 1165 potissimum
558 1089 683 1148 mutatis
697 1089 856 1150 litterulis:
873 1108 949 1166 quae
964 1089 1041 1149 solet

74 1174 199 1250 ingrato
217 1175 306 1248 ficere
324 1174 401 1233 thala
420 1174 496 1232 loco.
526 1172 574 1232 Its
587 1172 708 1232 Persius
723 1174 752 1241 4,
771 1175 808 1232 13
824 1179 851 1233 c
858 1177 938 1248 potis
952 1191 982 1234 es
994 1176 1041 1232 nt·

70 1275 167 1334 prum
178 1260 259 1317 ratiis
266 1259 427 1332 procfiporc
440 1258 525 1318 theto.
547 1256 589 1315 lut
605 1257 697 1316 alius:
714 1259 868 1317 omultcm
882 1263 950 1317 cole
964 1259 1041 1318 alios

73 1342 184 1414 infelice
201 1343 297 1401 litero
315 1342 400 1402 theto.
443 1339 630 1402 Conferenda
652 1342 742 1400 ctiam
764 1360 839 1418 quaa
865 1343 982 1402 notavit
1004 1342 1041 1400 ad

75 1425 178 1486 Persii
192 1444 313 1501 versum
329 1425 487 1485 scholiasta
501 1443 635 1501 quaeque
649 1425 780 1484 Iahnius.

144 1527 185 1584 ib.
201 1527 243 1586 48
262 1527 377 1586 altam
391 1525 594 1598 Marklandus,
614 1530 734 1584 aeterno
748 1523 823 1596 odd,
839 1543 897 1600 quo
913 1526 1041 1585 admisso

74 1611 267 1686 ineptissime
287 1605 480 1682 ταύτολογεῑ
499 1609 604 1668 oratio.
634 1606 694 1666 Vix
714 1607 794 1666 enim
813 1608 996 1666 monendum
1010 1609 1041 1667 id

74 1694 160 1771 quod
174 1693 326 1770 praecedit
334 1711 446 1767 scaoper
459 1695 609 1769 pertinere
627 1691 665 1750 ad
675 1691 803 1752 verbum
815 1692 941 1763 differor.
957 1692 1040 1751 Idem

75 1780 168 1855 plana
182 1779 291 1838 vitium
306 1779 482 1837 observatur
494 1780 528 1836 in
543 1775 608 1836 cet.
626 1777 696 1849 109,
714 1778 743 1835 6.

142 1879 171 1953 I,
196 1881 244 1952 17,
267 1881 285 1938 3
306 1880 419 1939 sabam
437 1897 509 1954 ego,
531 1877 655 1938 solidam
675 1875 939 1952 wyttenbachius,
959 1877 1041 1936 solim

75 1964 162 2038 cdd.;
180 1961 329 2038 cassiopas
342 1965 430 2022 statio
443 1961 661 2022 Lachmannus.
681 1961 742 2021 Eos
757 1962 808 2036 qui
822 1961 968 2035 putarimt
981 1979 1042 2019 ser-

75 2051 150 2108 vata
169 2047 297 2107 lectione
316 2047 427 2106 tradita
441 2065 477 2106 ex
497 2047 632 2120 proximo
646 2063 737 2106 versu
751 2044 950 2122 supplendum
964 2045 1042 2103 illud

75 2134 183 2204 littore,
198 2131 282 2207 fugit·
291 2149 388 2207 neque
402 2131 527 2189 eandem
540 2131 574 2189 in
583 2131 771 2205 pentametro
783 2128 841 2187 dici
856 2147 939 2188 oram
951 2147 1041 2205 quam

74 2215 110 2275 in
124 2216 307 2288 hexametro,
329 2217 361 2274 et
379 2215 516 2289 ineptum
532 2233 597 2273 esse
612 2212 783 2272 antitheton
795 2213 876 2288 quod
890 2213 1042 2272 continea-

75 2303 131 2359 tur
144 2299 191 2358 his
206 2318 281 2374 quae
296 2301 368 2359 sunt
380 2299 462 2358 solito
476 2327 518 2339 -
531 2300 657 2374 captato.

142 2383 168 2457 I,
188 2385 235 2457 18,
255 2385 292 2442 13
307 2384 401 2446 colore
415 2380 451 2455 G,
467 2383 557 2442 colore
570 2382 608 2441 N.

142 2483 186 2543 ib.
202 2485 253 2541 21.
269 2485 308 2542 22
324 2489 439 2543 lateras
453 2515 495 2524 -
509 2485 619 2556 vestris
635 2489 746 2543 vostras
760 2515 801 2524 -
815 2485 922 2542 teucris
937 2481 1042 2542 Schra-

75 2569 180 2640 derus,
194 2567 265 2627 fort.
280 2571 370 2626 recte.

143 2670 186 2728 ib.
203 2670 253 2728 23.
279 2668 360 2728 Illud
378 2686 421 2727 cm
440 2686 501 2727 non
521 2669 621 2726 minus
642 2685 732 2724 sensu
752 2668 834 2722 caret
851 2683 941 2740 quam
961 2665 1042 2741 quod

78 2757 132 2826 11,
149 2755 189 2811 21
210 2753 326 2828 expulit
338 2751 556 2810 Lachmannus.
585 2749 726 2808 Rescribe
746 2767 806 2806 una
825 2766 917 2822 eaque
931 2749 1042 2807 initiali

75 2837 216 2895 litterula
228 2836 348 2897 inversa
361 2854 414 2906 em
436 2854 505 2893 mox
519 2833 596 2908 quod
609 2834 644 2891 ut
658 2832 682 2907 Ι,
701 2834 749 2905 13,
766 2833 823 2905 36;
840 2830 877 2904 V,
894 2833 922 2904 3,
940 2833 979 2890 36
995 2849 1043 2890 ac-

75 2921 251 2996 cipiendum
264 2940 320 2997 pro
335 2925 411 2994 quot.

141 3023 185 3080 ib.
203 3021 242 3079 27
258 3023 373 3082 dmnost
386 3026 498 3082 montes
512 3020 550 3079 N.
565 3019 718 3092 Heinsius,
733 3018 828 3078 divini
840 3015 935 3091 fontes
948 3037 977 3078 v.

142 3105 169 3179 I,
187 3107 236 3178 20,
254 3108 272 3164 7
286 3108 355 3166 tuto
368 3106 458 3179 docti,
473 3107 552 3164 tuoto
566 3103 632 3162 cdd.

141 3190 184 3248 ib.
203 3192 240 3246 11
257 3192 370 3264 cupidis
383 3221 425 3231 -
437 3191 554 3264 rupino
568 3186 604 3247 G.

141 3273 184 3331 ib.
203 3275 241 3331 17
262 3274 398 3350 Papasac
417 3273 522 3332 reduxi
543 3269 649 3350 (vulgo
663 3268 823 3349 Popasea);
844 3291 915 3331 nam
929 3273 961 3332 in
976 3270 1042 3330 GN

74 3361 125 3417 est
134 3375 251 3432 pepusa
281 3358 376 3418 Porro
390 3357 494 3433 Arpoa
506 3357 588 3416 idem
601 3355 682 3428 libri,
699 3356 778 3431 quod
792 3357 943 3415 immerito
959 3371 1040 3430 spre-

75 3460 150 3501 vere
165 3440 255 3500 docti.
279 3441 325 3503 cf.
341 3461 417 3517 quae
432 3441 512 3500 dictu
526 3444 597 3502 sunt
611 3440 649 3498 ad
662 3439 763 3515 Priap.
781 3442 831 3513 68,
848 3441 898 3498 23.

142 3524 184 3583 ib.
201 3526 241 3584 49
256 3531 418 3600 responset:
433 3531 464 3586 at
477 3524 643 3601 Hauptius3
658 3524 862 3597 respectasset
876 3519 941 3577 cdd.
