2468 4036
56 263 124 336 v]
389 291 390 294 κ
491 261 644 321 amnui.

543 463 588 538 V.

66 595 189 678 Asper
211 614 297 658 eram
319 595 352 660 et
372 592 454 658 bene
476 593 644 660 discidium
658 617 709 661 me
723 594 806 661 ferre
820 595 987 681 loquebar:

121 679 172 741 At
192 677 272 741 mihi
293 699 380 742 nunc
401 678 499 764 longe
519 679 624 764 gloria
644 681 737 745 fortis
760 681 858 746 abest

67 761 229 844 Namque
240 783 329 846 agor,
340 764 445 910 utper
455 763 551 847 plana
561 764 644 830 citus
656 765 725 829 sola
738 765 867 830 verbere
878 766 1002 848 turben,

124 845 228 920 Quem
250 845 336 910 celer
355 867 376 908 a
397 851 488 912 sueta
508 851 615 914 versat
635 850 675 914 ab
698 852 765 914 arte
786 869 874 934 puer.

69 929 149 994 Vre
171 929 275 994 ferum
295 931 332 994 et
350 932 479 1014 torque,
501 932 601 998 libeat
621 955 662 998 ne
682 934 789 1000 dicere
811 933 980 1017 quicquam
1033 945 1050 995 5

121 1011 334 1098 Magnificum
354 1015 545 1098 posthaec:
567 1017 698 1082 horrida
719 1018 817 1082 verba
839 1017 942 1084 doma.

73 1097 184 1163 Parce
205 1100 328 1182 tamen,
349 1119 408 1182 per
428 1102 461 1164 te
481 1099 593 1166 fuutivi
613 1101 742 1168 foedera
763 1102 855 1184 lecti,

122 1181 187 1245 Per
209 1179 366 1247 Venerem
388 1205 504 1266 quaeso
527 1187 791 1270 conpositumque
815 1189 921 1269 caput

73 1265 147 1331 Ille
169 1287 244 1352 ego,
267 1288 339 1330 curn
360 1267 446 1332 tristi
466 1270 580 1335 morbo
602 1271 727 1336 defessa
747 1272 883 1352 moeres,

122 1347 173 1414 Te
195 1349 283 1414 dicor
305 1352 388 1416 votis
409 1353 563 1436 eripuisse
584 1356 680 1437 meis,
1018 1367 1053 1417 10

74 1433 218 1518 Ipseque
239 1438 272 1498 te
295 1435 413 1500 circum
434 1437 569 1502 lustravi
590 1440 710 1504 sulfure
731 1463 826 1524 puro,

125 1517 275 1583 Carmine
297 1541 369 1584 eum
389 1523 516 1606 magico
537 1523 768 1606 praecinuisset
790 1547 886 1590 anus:

79 1603 161 1688 Ipse
182 1605 350 1687 procuravi
369 1626 411 1670 ne
432 1610 565 1690 possent
586 1629 679 1674 saeva
699 1629 815 1673 nocere

126 1685 274 1772 Somnia,
298 1691 348 1752 ter
369 1693 479 1755 sancta
501 1691 720 1756 deveneranda
741 1694 841 1758 mola:

81 1770 161 1856 Ipse
183 1793 242 1856 ego
265 1771 387 1840 velatus
409 1773 463 1838 fflo
485 1776 666 1860 tunicisque
688 1777 801 1842 solutis
1018 1788 1051 1838 15

125 1853 211 1920 Vota
231 1857 494 1924 novem'Triviae
514 1863 611 1924 nocte
633 1861 747 1925 silente
769 1859 851 1926 dedi.

79 1940 201 2005 Omnia
220 1940 375 2024 persolvi:
397 1943 513 2008 fruitur
533 1966 620 2010 nunc
643 1945 724 2009 alter
745 1965 868 2029 aurore,

125 2023 171 2088 Et
213 2026 338 2090 recibus
359 2025 438 2090 felix
459 2028 559 2093 utitur
580 2029 635 2094 ille
656 2029 745 2095 meis.

79 2109 130 2174 At
150 2047 230 2172 mibi
251 2109 377 2176 felicem
397 2112 511 2197 vitam,
535 2114 564 2177 si
585 2114 673 2178 salva
693 2114 825 2198 fuisses,

126 2191 304 2278 fingebam
325 2195 472 2281 demens,
496 2197 553 2262 sed
573 2201 729 2263 renuente
750 2199 820 2263 deo.
1016 2211 1051 2261 20

81 2275 171 2342 Rura
192 2278 309 2362 colam,
331 2279 521 2365 frugumque
543 2283 647 2347 aderit
666 2305 738 2348 mea
751 2281 846 2348 Delia
868 2285 990 2365 custos,

127 2361 214 2425 Area
236 2362 312 2427 dum
332 2385 451 2430 messer
474 2365 541 2431 sole
564 2369 687 2432 calente
708 2371 806 2451 teret,

82 2445 152 2510 Aut
171 2445 251 2510 mihi
273 2449 413 2513 servabit
431 2450 538 2533 plenis
558 2451 595 2516 in
615 2452 766 2517 lintribus
787 2474 864 2519 uvas

126 2529 300 2615 Pressaque
322 2533 425 2597 veloci
446 2534 581 2601 candida
602 2540 708 2602 musta
727 2537 825 2621 pede,

84 2613 280 2680 Consuescet
299 2638 467 2682 numerare
488 2641 601 2704 pecus,
628 2623 815 2686 consuescet
836 2620 972 2684 amantis
1015 2632 1049 2681 25

128 2697 279 2764 Garrulus
301 2701 337 2765 in
358 2701 505 2768 dominae
526 2704 635 2768 ludere
657 2727 756 2768 verna
777 2705 860 2768 sinu.

84 2780 148 2848 Illa
167 2783 227 2848 deo
250 2785 330 2849 sciet
351 2787 511 2870 agricolae
531 2809 590 2871 pro
613 2788 730 2853 vitibus
752 2810 860 2870 uvam,

127 2865 189 2931 Pro
211 2872 321 2954 segete
343 2871 463 2954 spicas,
485 2893 543 2968 pro
565 2894 665 2958 grege
685 2871 771 2938 ferre
792 2872 916 2955 dapem.

83 2948 145 3016 Illa
164 2955 258 3038 regat
278 2957 427 3039 cunctos,
448 2955 498 3018 ΞΠ]
519 2956 586 3020 sint
607 2957 715 3020 omnia
736 2977 846 3021 curae:

126 3036 172 3099 At
191 3037 281 3102 iuvet
300 3039 336 3103 in
355 3042 425 3104 tota
445 3061 500 3112 me,
518 3039 601 3103 nihil
623 3062 692 3104 esse
713 3039 819 3104 domo,
1015 3049 1051 3102 30

82 3116 155 3185 Huc
175 3121 284 3186 veniet
303 3121 454 3188 Messalla
474 3145 580 3207 meus,
603 3125 655 3188 cui
675 3123 781 3189 dulcia
801 3145 899 3208 poma

125 3201 218 3268 Delia
239 3206 366 3272 selectis
388 3206 535 3272 detrabat
556 3207 739 3273 arboribus:

82 3285 129 3354 Ea
147 3290 272 3353 tantum
293 3295 445 3357 venerata
465 3292 583 3376 virum,
606 3292 692 3358 hune
713 3292 823 3358 sedula
844 3296 948 3376 curet,

125 3369 209 3436 Huic
252 3377 437 3460 arctatque
460 3377 569 3460 epulas
590 3377 661 3462 ipsa
682 3377 828 3442 ministra
873 3380 950 3442 erat.

82 3453 170 3522 Haec
216 3458 224 3471 '
252 3458 446 3544 'fingebam
458 3481 539 3543 quae
551 3483 639 3525 nunc
649 3461 816 3545 Eurusque
862 3465 994 3543 otusquc
1017 3471 1051 3520 35

125 3537 227 3607 Iactat
248 3542 399 3612 odoratos
421 3547 495 3609 vota
513 3565 574 3630 per
594 3545 774 3610 Armenios.
