<?xml version="1.0" encoding="UTF-8"?>
<!DOCTYPE html PUBLIC "-//W3C//DTD XHTML 1.0 Transitional//EN"
    "http://www.w3.org/TR/xhtml1/DTD/xhtml1-transitional.dtd">
<html xmlns="http://www.w3.org/1999/xhtml" xml:lang="en" lang="en">
 <head>
  <title>
</title>
<meta http-equiv="Content-Type" content="text/html;charset=utf-8" />
  <meta name='ocr-system' content='tesseract 3.04.00' />
  <meta name='ocr-capabilities' content='ocr_page ocr_carea ocr_par ocr_line ocrx_word'/>
</head>
<body>
  <div class='ocr_page' id='page_1' title='image "./catvllitibvllip00priagoog_0351.png"; bbox 0 0 2464 4020; ppageno 0'>
   <div class='ocr_carea' id='block_1_1' title="bbox 458 296 1047 376">
    <p class='ocr_par' dir='ltr' id='par_1_1' title="bbox 458 296 1047 376">
     <span class='ocr_line' id='line_1_1' title="bbox 458 296 1047 376; baseline -0.005 -24"><span class='ocrx_word' id='word_1_1' title='bbox 458 296 671 376; x_wconf 78' lang='lat' dir='ltr'><strong>PRAEFATIO.</strong></span> <span class='ocrx_word' id='word_1_2' title='bbox 944 310 1047 358; x_wconf 82' lang='lat' dir='ltr'>xxvn</span> 
     </span>
    </p>
   </div>
   <div class='ocr_carea' id='block_1_2' title="bbox 78 464 1046 3480">
    <p class='ocr_par' dir='ltr' id='par_1_2' title="bbox 80 464 1046 527">
     <span class='ocr_line' id='line_1_2' title="bbox 80 464 1046 527; baseline 0.002 -2"><span class='ocrx_word' id='word_1_3' title='bbox 80 466 160 525; x_wconf 80' lang='lat' dir='ltr'>dixit</span> <span class='ocrx_word' id='word_1_4' title='bbox 179 464 345 524; x_wconf 84' lang='lat' dir='ltr'>Deitereius</span> <span class='ocrx_word' id='word_1_5' title='bbox 364 465 397 524; x_wconf 89' lang='lat' dir='ltr'>in</span> <span class='ocrx_word' id='word_1_6' title='bbox 416 464 519 523; x_wconf 83' lang='lat' dir='ltr'>libello</span> <span class='ocrx_word' id='word_1_7' title='bbox 541 465 578 524; x_wconf 88' lang='lat' dir='ltr'>de</span> <span class='ocrx_word' id='word_1_8' title='bbox 598 465 693 524; x_wconf 84' lang='lat' dir='ltr'>Musis</span> <span class='ocrx_word' id='word_1_9' title='bbox 713 465 835 524; x_wconf 86' lang='lat' dir='ltr'>Bonnee</span> <span class='ocrx_word' id='word_1_10' title='bbox 858 467 939 526; x_wconf 89' lang='grc'>1868</span> <span class='ocrx_word' id='word_1_11' title='bbox 965 467 1046 527; x_wconf 87' lang='lat' dir='ltr'>edito</span> 
     </span>
    </p>

    <p class='ocr_par' dir='ltr' id='par_1_3' title="bbox 146 632 727 707">
     <span class='ocr_line' id='line_1_3' title="bbox 146 632 727 707; baseline 0 -15"><span class='ocrx_word' id='word_1_12' title='bbox 146 635 188 693; x_wconf 88' lang='lat' dir='ltr'>ib.</span> <span class='ocrx_word' id='word_1_13' title='bbox 205 635 245 694; x_wconf 79' lang='lat'>23</span> <span class='ocrx_word' id='word_1_14' title='bbox 260 651 379 695; x_wconf 76' lang='lat' dir='ltr'>camere</span> <span class='ocrx_word' id='word_1_15' title='bbox 392 633 468 707; x_wconf 76' lang='lat' dir='ltr'>cdd,</span> <span class='ocrx_word' id='word_1_16' title='bbox 485 651 559 692; x_wconf 83' lang='lat' dir='ltr'>corr.</span> <span class='ocrx_word' id='word_1_17' title='bbox 576 632 727 693; x_wconf 75' lang='lat' dir='ltr'><strong>Heinsius.</strong></span> 
     </span>
    </p>

    <p class='ocr_par' dir='ltr' id='par_1_4' title="bbox 78 717 1046 946">
     <span class='ocr_line' id='line_1_4' title="bbox 144 717 1046 793; baseline 0.004 -17"><span class='ocrx_word' id='word_1_18' title='bbox 144 719 187 776; x_wconf 76' lang='lat' dir='ltr'>ib,</span> <span class='ocrx_word' id='word_1_19' title='bbox 204 719 243 777; x_wconf 80' lang='lat'>26</span> <span class='ocrx_word' id='word_1_20' title='bbox 264 721 353 778; x_wconf 71' lang='lat' dir='ltr'>diam</span> <span class='ocrx_word' id='word_1_21' title='bbox 366 737 405 790; x_wconf 89' lang='lat' dir='ltr'>v.‚</span> <span class='ocrx_word' id='word_1_22' title='bbox 426 717 507 792; x_wconf 89' lang='lat' dir='ltr'>quod</span> <span class='ocrx_word' id='word_1_23' title='bbox 527 718 608 775; x_wconf 88' lang='lat' dir='ltr'>omni</span> <span class='ocrx_word' id='word_1_24' title='bbox 622 719 709 776; x_wconf 82' lang='lat' dir='ltr'>vacet</span> <span class='ocrx_word' id='word_1_25' title='bbox 728 735 827 776; x_wconf 87' lang='lat' dir='ltr'>sensu.</span> <span class='ocrx_word' id='word_1_26' title='bbox 856 718 978 793; x_wconf 82' lang='lat' dir='ltr'>Repone</span> <span class='ocrx_word' id='word_1_27' title='bbox 992 725 1046 780; x_wconf 77' lang='lat' dir='ltr'>eo-</span> 
     </span>
     <span class='ocr_line' id='line_1_5' title="bbox 78 799 1045 877; baseline 0 -15"><span class='ocrx_word' id='word_1_28' title='bbox 78 805 147 862; x_wconf 81' lang='lat' dir='ltr'>m&#39;m</span> <span class='ocrx_word' id='word_1_29' title='bbox 161 821 219 876; x_wconf 88' lang='lat' dir='ltr'>que</span> <span class='ocrx_word' id='word_1_30' title='bbox 233 802 379 877; x_wconf 76' lang='lat' dir='ltr'>particulo</span> <span class='ocrx_word' id='word_1_31' title='bbox 392 819 463 860; x_wconf 89' lang='lat' dir='ltr'>usus</span> <span class='ocrx_word' id='word_1_32' title='bbox 473 799 610 876; x_wconf 86' lang='lat' dir='ltr'>ProplI,</span> <span class='ocrx_word' id='word_1_33' title='bbox 620 802 648 875; x_wconf 79' lang='lat'>7,</span> <span class='ocrx_word' id='word_1_34' title='bbox 659 803 712 876; x_wconf 75' lang='lat'>173</span> <span class='ocrx_word' id='word_1_35' title='bbox 728 801 832 860; x_wconf 86' lang='lat' dir='ltr'>eedem</span> <span class='ocrx_word' id='word_1_36' title='bbox 843 803 875 860; x_wconf 91' lang='lat' dir='ltr'>et</span> <span class='ocrx_word' id='word_1_37' title='bbox 888 802 920 860; x_wconf 91' lang='lat' dir='ltr'>in</span> <span class='ocrx_word' id='word_1_38' title='bbox 933 803 1045 863; x_wconf 87' lang='lat' dir='ltr'>melicis</span> 
     </span>
     <span class='ocr_line' id='line_1_6' title="bbox 78 885 377 946; baseline -0.007 -1"><span class='ocrx_word' id='word_1_39' title='bbox 78 885 203 946; x_wconf 76' lang='lat' dir='ltr'>Horatii</span> <span class='ocrx_word' id='word_1_40' title='bbox 215 886 377 946; x_wconf 80' lang='lat' dir='ltr'>iuvenitur.</span> 
     </span>
    </p>

    <p class='ocr_par' dir='ltr' id='par_1_5' title="bbox 146 969 666 1053">
     <span class='ocr_line' id='line_1_7' title="bbox 146 969 666 1053; baseline 0 -26"><span class='ocrx_word' id='word_1_41' title='bbox 146 969 204 1042; x_wconf 91' lang='lat' dir='ltr'>III,</span> <span class='ocrx_word' id='word_1_42' title='bbox 221 969 270 1042; x_wconf 77' lang='lat'>12,</span> <span class='ocrx_word' id='word_1_43' title='bbox 289 969 327 1028; x_wconf 89' lang='lat'>15</span> <span class='ocrx_word' id='word_1_44' title='bbox 342 971 398 1030; x_wconf 73' lang='lat' dir='ltr'>bere</span> <span class='ocrx_word' id='word_1_45' title='bbox 411 969 556 1042; x_wconf 71' lang='lat' dir='ltr'>Muretus,</span> <span class='ocrx_word' id='word_1_46' title='bbox 572 986 587 1028; x_wconf 84' lang='lat' dir='ltr'>e</span> <span class='ocrx_word' id='word_1_47' title='bbox 595 969 666 1053; x_wconf 76' lang='lat' dir='ltr'>pud.</span> 
     </span>
    </p>

    <p class='ocr_par' dir='ltr' id='par_1_6' title="bbox 79 1053 1046 2388">
     <span class='ocr_line' id='line_1_8' title="bbox 146 1053 1046 1127; baseline 0.002 -16"><span class='ocrx_word' id='word_1_48' title='bbox 146 1053 188 1112; x_wconf 85' lang='lat' dir='ltr'>ib.</span> <span class='ocrx_word' id='word_1_49' title='bbox 207 1055 246 1112; x_wconf 83' lang='lat'>1&#39;1</span> <span class='ocrx_word' id='word_1_50' title='bbox 268 1055 340 1127; x_wconf 69' lang='lat' dir='ltr'>qued</span> <span class='ocrx_word' id='word_1_51' title='bbox 359 1054 413 1113; x_wconf 66' lang='lat' dir='ltr'>tion·</span> <span class='ocrx_word' id='word_1_52' title='bbox 432 1054 618 1113; x_wconf 52' lang='lat' dir='ltr'>&amp;monet</span> <span class='ocrx_word' id='word_1_53' title='bbox 637 1055 720 1112; x_wconf 79' lang='lat' dir='ltr'>siccis</span> <span class='ocrx_word' id='word_1_54' title='bbox 740 1053 872 1112; x_wconf 75' lang='lat' dir='ltr'>babitare</span> <span class='ocrx_word' id='word_1_55' title='bbox 892 1055 1046 1114; x_wconf 56' lang='lat' dir='ltr'>matellis?</span> 
     </span>
     <span class='ocr_line' id='line_1_9' title="bbox 79 1136 1045 1215; baseline 0 -17"><span class='ocrx_word' id='word_1_56' title='bbox 79 1140 110 1198; x_wconf 78' lang='lat' dir='ltr'>si</span> <span class='ocrx_word' id='word_1_57' title='bbox 124 1155 204 1212; x_wconf 73' lang='lat' dir='ltr'>puer</span> <span class='ocrx_word' id='word_1_58' title='bbox 218 1141 268 1206; x_wconf 75' lang='lat' dir='ltr'>est,</span> <span class='ocrx_word' id='word_1_59' title='bbox 283 1139 341 1197; x_wconf 73' lang='lat' dir='ltr'>atio</span> <span class='ocrx_word' id='word_1_60' title='bbox 355 1139 443 1197; x_wconf 75' lang='lat' dir='ltr'>traice</span> <span class='ocrx_word' id='word_1_61' title='bbox 455 1139 520 1197; x_wconf 80' lang='lat' dir='ltr'>celo</span> <span class='ocrx_word' id='word_1_62' title='bbox 542 1142 603 1197; x_wconf 80' lang='lat' dir='ltr'>tue.</span> <span class='ocrx_word' id='word_1_63' title='bbox 633 1136 690 1195; x_wconf 86' lang='lat' dir='ltr'>Hic</span> <span class='ocrx_word' id='word_1_64' title='bbox 704 1138 773 1196; x_wconf 86' lang='lat' dir='ltr'>ente</span> <span class='ocrx_word' id='word_1_65' title='bbox 788 1137 888 1196; x_wconf 82' lang='lat' dir='ltr'>omniu</span> <span class='ocrx_word' id='word_1_66' title='bbox 901 1156 1045 1215; x_wconf 88' lang='lat' dir='ltr'>reponen-</span> 
     </span>
     <span class='ocr_line' id='line_1_10' title="bbox 81 1220 1044 1297; baseline 0.003 -17"><span class='ocrx_word' id='word_1_67' title='bbox 81 1222 157 1280; x_wconf 84' lang='lat' dir='ltr'>dum</span> <span class='ocrx_word' id='word_1_68' title='bbox 171 1223 231 1294; x_wconf 70' lang='lat' dir='ltr'>orei.</span> <span class='ocrx_word' id='word_1_69' title='bbox 259 1220 354 1281; x_wconf 89' lang='lat' dir='ltr'>Porro</span> <span class='ocrx_word' id='word_1_70' title='bbox 367 1239 424 1297; x_wconf 89' lang='lat' dir='ltr'>pro</span> <span class='ocrx_word' id='word_1_71' title='bbox 443 1221 551 1280; x_wconf 82' lang='lat' dir='ltr'>codicis</span> <span class='ocrx_word' id='word_1_72' title='bbox 566 1220 673 1295; x_wconf 81' lang='lat' dir='ltr'>optimi</span> <span class='ocrx_word' id='word_1_73' title='bbox 694 1221 842 1296; x_wconf 83' lang='lat' dir='ltr'>scripture</span> <span class='ocrx_word' id='word_1_74' title='bbox 853 1224 882 1282; x_wconf 81' lang='lat' dir='ltr'>ee&#39;</span> <span class='ocrx_word' id='word_1_75' title='bbox 896 1240 975 1297; x_wconf 78' lang='lat' dir='ltr'>puer</span> <span class='ocrx_word' id='word_1_76' title='bbox 995 1229 1044 1295; x_wconf 82' lang='lat' dir='ltr'>eet,</span> 
     </span>
     <span class='ocr_line' id='line_1_11' title="bbox 80 1305 1045 1383; baseline 0.002 -19"><span class='ocrx_word' id='word_1_77' title='bbox 80 1323 160 1380; x_wconf 83' lang='lat' dir='ltr'>quoe</span> <span class='ocrx_word' id='word_1_78' title='bbox 175 1307 207 1364; x_wconf 89' lang='lat' dir='ltr'>et</span> <span class='ocrx_word' id='word_1_79' title='bbox 221 1305 255 1364; x_wconf 91' lang='lat' dir='ltr'>in</span> <span class='ocrx_word' id='word_1_80' title='bbox 267 1305 315 1364; x_wconf 78' lang='lat' dir='ltr'>erb</span> <span class='ocrx_word' id='word_1_81' title='bbox 330 1305 405 1381; x_wconf 77' lang='lat' dir='ltr'>Reg.</span> <span class='ocrx_word' id='word_1_82' title='bbox 419 1305 555 1377; x_wconf 73' lang='lat' dir='ltr'>babetur,</span> <span class='ocrx_word' id='word_1_83' title='bbox 571 1305 715 1380; x_wconf 88' lang='lat' dir='ltr'>scripsere</span> <span class='ocrx_word' id='word_1_84' title='bbox 728 1306 864 1381; x_wconf 76' lang='lat' dir='ltr'>plerique</span> <span class='ocrx_word' id='word_1_85' title='bbox 879 1305 1045 1383; x_wconf 79' lang='lat' dir='ltr'>Groninga-</span> 
     </span>
     <span class='ocr_line' id='line_1_12' title="bbox 80 1385 1044 1466; baseline 0 -18"><span class='ocrx_word' id='word_1_86' title='bbox 80 1408 158 1448; x_wconf 90' lang='lat' dir='ltr'>num</span> <span class='ocrx_word' id='word_1_87' title='bbox 181 1389 292 1447; x_wconf 87' lang='lat' dir='ltr'>librom</span> <span class='ocrx_word' id='word_1_88' title='bbox 317 1390 412 1448; x_wconf 88' lang='lat' dir='ltr'>secuti</span> <span class='ocrx_word' id='word_1_89' title='bbox 436 1393 464 1450; x_wconf 74' lang='lat' dir='ltr'>et</span> <span class='ocrx_word' id='word_1_90' title='bbox 482 1390 581 1462; x_wconf 78' lang='lat' dir='ltr'>pudor</span> <span class='ocrx_word' id='word_1_91' title='bbox 599 1394 652 1461; x_wconf 78' lang='lat' dir='ltr'>cst,</span> <span class='ocrx_word' id='word_1_92' title='bbox 679 1385 909 1464; x_wconf 78' lang='lat' dir='ltr'>interpolatione</span> <span class='ocrx_word' id='word_1_93' title='bbox 933 1395 1044 1466; x_wconf 82' lang='lat' dir='ltr'>operte.</span> 
     </span>
     <span class='ocr_line' id='line_1_13' title="bbox 83 1473 1045 1548; baseline 0.004 -18"><span class='ocrx_word' id='word_1_94' title='bbox 83 1473 165 1531; x_wconf 82' lang='lat' dir='ltr'>Nem</span> <span class='ocrx_word' id='word_1_95' title='bbox 178 1473 239 1532; x_wconf 88' lang='lat' dir='ltr'>nisi</span> <span class='ocrx_word' id='word_1_96' title='bbox 253 1473 417 1548; x_wconf 81' lang='lat' dir='ltr'>antiquitus</span> <span class='ocrx_word' id='word_1_97' title='bbox 431 1473 577 1532; x_wconf 76' lang='lat' dir='ltr'>traditum</span> <span class='ocrx_word' id='word_1_98' title='bbox 590 1473 697 1530; x_wconf 80' lang='lat' dir='ltr'>finsset</span> <span class='ocrx_word' id='word_1_99' title='bbox 710 1473 786 1530; x_wconf 88' lang='lat' dir='ltr'>illud</span> <span class='ocrx_word' id='word_1_100' title='bbox 794 1491 880 1546; x_wconf 79' lang='lat' dir='ltr'>poor,</span> <span class='ocrx_word' id='word_1_101' title='bbox 894 1475 945 1534; x_wconf 80' lang='lat' dir='ltr'>vix</span> <span class='ocrx_word' id='word_1_102' title='bbox 960 1493 994 1533; x_wconf 84' lang='lat' dir='ltr'>oc</span> <span class='ocrx_word' id='word_1_103' title='bbox 1007 1494 1045 1534; x_wconf 88' lang='lat' dir='ltr'>ne</span> 
     </span>
     <span class='ocr_line' id='line_1_14' title="bbox 82 1556 1045 1634; baseline 0.002 -18"><span class='ocrx_word' id='word_1_104' title='bbox 82 1558 136 1616; x_wconf 85' lang='lat' dir='ltr'>vix</span> <span class='ocrx_word' id='word_1_105' title='bbox 150 1556 271 1632; x_wconf 83' lang='lat' dir='ltr'>quidem</span> <span class='ocrx_word' id='word_1_106' title='bbox 284 1557 318 1615; x_wconf 88' lang='lat' dir='ltr'>iu</span> <span class='ocrx_word' id='word_1_107' title='bbox 330 1557 360 1615; x_wconf 86' lang='lat' dir='ltr'>N</span> <span class='ocrx_word' id='word_1_108' title='bbox 373 1575 428 1633; x_wconf 86' lang='lat' dir='ltr'>pro</span> <span class='ocrx_word' id='word_1_109' title='bbox 443 1557 500 1616; x_wconf 76' lang='lat' dir='ltr'>tela</span> <span class='ocrx_word' id='word_1_110' title='bbox 514 1557 658 1631; x_wconf 84' lang='lat' dir='ltr'>scriptum</span> <span class='ocrx_word' id='word_1_111' title='bbox 679 1557 759 1614; x_wconf 85' lang='lat' dir='ltr'>esset</span> <span class='ocrx_word' id='word_1_112' title='bbox 771 1558 881 1629; x_wconf 67' lang='lat' dir='ltr'>praello</span> <span class='ocrx_word' id='word_1_113' title='bbox 910 1557 1045 1634; x_wconf 84' lang='lat' dir='ltr'>Apparet</span> 
     </span>
     <span class='ocr_line' id='line_1_15' title="bbox 82 1640 1046 1715; baseline 0.001 -16"><span class='ocrx_word' id='word_1_114' title='bbox 82 1641 176 1700; x_wconf 86' lang='lat' dir='ltr'>etiem</span> <span class='ocrx_word' id='word_1_115' title='bbox 191 1659 244 1700; x_wconf 91' lang='lat' dir='ltr'>cur</span> <span class='ocrx_word' id='word_1_116' title='bbox 257 1643 425 1699; x_wconf 72' lang='lat' dir='ltr'><strong>mutaretur</strong></span> <span class='ocrx_word' id='word_1_117' title='bbox 437 1640 515 1700; x_wconf 81' lang='lat' dir='ltr'>iliud</span> <span class='ocrx_word' id='word_1_118' title='bbox 528 1641 555 1700; x_wconf 75' lang='lat' dir='ltr'>oi</span> <span class='ocrx_word' id='word_1_119' title='bbox 569 1657 648 1713; x_wconf 73' lang='lat' dir='ltr'>puer</span> <span class='ocrx_word' id='word_1_120' title='bbox 661 1644 711 1707; x_wconf 79' lang='lat' dir='ltr'>cst,</span> <span class='ocrx_word' id='word_1_121' title='bbox 727 1641 758 1696; x_wconf 83' lang='lat' dir='ltr'>et</span> <span class='ocrx_word' id='word_1_122' title='bbox 771 1658 833 1698; x_wconf 89' lang='lat' dir='ltr'>non</span> <span class='ocrx_word' id='word_1_123' title='bbox 846 1640 978 1715; x_wconf 84' lang='lat' dir='ltr'>perinde,</span> <span class='ocrx_word' id='word_1_124' title='bbox 993 1660 1046 1700; x_wconf 88' lang='lat' dir='ltr'>cur</span> 
     </span>
     <span class='ocr_line' id='line_1_16' title="bbox 83 1723 1046 1800; baseline 0.002 -18"><span class='ocrx_word' id='word_1_125' title='bbox 83 1726 223 1782; x_wconf 79' lang='lat' dir='ltr'>alterum.</span> <span class='ocrx_word' id='word_1_126' title='bbox 248 1723 313 1783; x_wconf 81' lang='lat' dir='ltr'>Iam</span> <span class='ocrx_word' id='word_1_127' title='bbox 327 1725 385 1784; x_wconf 86' lang='lat' dir='ltr'>etsi</span> <span class='ocrx_word' id='word_1_128' title='bbox 397 1723 636 1800; x_wconf 67' lang='lat' dir='ltr'>nequentissime</span> <span class='ocrx_word' id='word_1_129' title='bbox 651 1724 804 1782; x_wconf 84' lang='lat' dir='ltr'>invenitur</span> <span class='ocrx_word' id='word_1_130' title='bbox 817 1725 902 1797; x_wconf 83' lang='lat' dir='ltr'>qussi</span> <span class='ocrx_word' id='word_1_131' title='bbox 916 1724 1046 1784; x_wconf 78' lang='lat' dir='ltr'>formula</span> 
     </span>
     <span class='ocr_line' id='line_1_17' title="bbox 82 1806 1045 1884; baseline 0.001 -18"><span class='ocrx_word' id='word_1_132' title='bbox 82 1809 212 1884; x_wconf 76' lang='lat' dir='ltr'>quedem</span> <span class='ocrx_word' id='word_1_133' title='bbox 231 1811 259 1868; x_wconf 73' lang='lat' dir='ltr'>st</span> <span class='ocrx_word' id='word_1_134' title='bbox 272 1810 373 1882; x_wconf 76' lang='lat' dir='ltr'>pudor</span> <span class='ocrx_word' id='word_1_135' title='bbox 393 1814 447 1878; x_wconf 82' lang='lat' dir='ltr'>est,</span> <span class='ocrx_word' id='word_1_136' title='bbox 468 1808 524 1867; x_wconf 91' lang='lat' dir='ltr'>hoo</span> <span class='ocrx_word' id='word_1_137' title='bbox 545 1809 648 1866; x_wconf 84' lang='lat' dir='ltr'>tumen</span> <span class='ocrx_word' id='word_1_138' title='bbox 669 1806 735 1866; x_wconf 91' lang='lat' dir='ltr'>loco</span> <span class='ocrx_word' id='word_1_139' title='bbox 753 1807 884 1882; x_wconf 82' lang='lat' dir='ltr'>priorem</span> <span class='ocrx_word' id='word_1_140' title='bbox 903 1828 932 1867; x_wconf 84' lang='lat' dir='ltr'>v.</span> <span class='ocrx_word' id='word_1_141' title='bbox 952 1809 1045 1882; x_wconf 91' lang='lat' dir='ltr'>respi-</span> 
     </span>
     <span class='ocr_line' id='line_1_18' title="bbox 82 1891 1045 1967; baseline 0.001 -17"><span class='ocrx_word' id='word_1_142' title='bbox 82 1893 175 1951; x_wconf 86' lang='lat' dir='ltr'>cienti</span> <span class='ocrx_word' id='word_1_143' title='bbox 195 1910 258 1951; x_wconf 93' lang='lat' dir='ltr'>non</span> <span class='ocrx_word' id='word_1_144' title='bbox 277 1893 335 1951; x_wconf 89' lang='lat' dir='ltr'>erit</span> <span class='ocrx_word' id='word_1_145' title='bbox 354 1892 478 1951; x_wconf 89' lang='lat' dir='ltr'>dubium</span> <span class='ocrx_word' id='word_1_146' title='bbox 498 1891 571 1967; x_wconf 87' lang='lat' dir='ltr'>quin</span> <span class='ocrx_word' id='word_1_147' title='bbox 584 1891 752 1966; x_wconf 70' lang='lat' dir='ltr'>Propertio,</span> <span class='ocrx_word' id='word_1_148' title='bbox 773 1892 799 1950; x_wconf 86' lang='lat' dir='ltr'>si</span> <span class='ocrx_word' id='word_1_149' title='bbox 814 1893 881 1966; x_wconf 88' lang='lat' dir='ltr'>epte</span> <span class='ocrx_word' id='word_1_150' title='bbox 895 1891 990 1950; x_wconf 81' lang='lat' dir='ltr'>vellet</span> <span class='ocrx_word' id='word_1_151' title='bbox 1002 1893 1045 1951; x_wconf 94' lang='lat' dir='ltr'>lo·</span> 
     </span>
     <span class='ocr_line' id='line_1_19' title="bbox 83 1974 1046 2052; baseline 0 -17"><span class='ocrx_word' id='word_1_152' title='bbox 83 1977 144 2052; x_wconf 89' lang='lat' dir='ltr'>qui,</span> <span class='ocrx_word' id='word_1_153' title='bbox 166 1976 268 2052; x_wconf 89' lang='lat' dir='ltr'>potius</span> <span class='ocrx_word' id='word_1_154' title='bbox 288 1976 381 2035; x_wconf 88' lang='lat' dir='ltr'>fuerit</span> <span class='ocrx_word' id='word_1_155' title='bbox 399 1976 556 2034; x_wconf 87' lang='lat' dir='ltr'>dicendum</span> <span class='ocrx_word' id='word_1_156' title='bbox 575 1977 603 2034; x_wconf 79' lang='lat' dir='ltr'>se&#39;</span> <span class='ocrx_word' id='word_1_157' title='bbox 621 1975 711 2048; x_wconf 66' lang='lat' dir='ltr'>sepes</span> <span class='ocrx_word' id='word_1_158' title='bbox 740 1974 845 2049; x_wconf 85' lang='lat' dir='ltr'>Iteque</span> <span class='ocrx_word' id='word_1_159' title='bbox 865 1975 993 2049; x_wconf 90' lang='lat' dir='ltr'>perbene</span> <span class='ocrx_word' id='word_1_160' title='bbox 1015 1980 1046 2035; x_wconf 89' lang='lat' dir='ltr'>et</span> 
     </span>
     <span class='ocr_line' id='line_1_20' title="bbox 82 2059 1045 2131; baseline 0 -11"><span class='ocrx_word' id='word_1_161' title='bbox 82 2061 209 2120; x_wconf 86' lang='lat' dir='ltr'>minima</span> <span class='ocrx_word' id='word_1_162' title='bbox 222 2061 386 2121; x_wconf 82' lang='lat' dir='ltr'>mutatione</span> <span class='ocrx_word' id='word_1_163' title='bbox 400 2059 623 2119; x_wconf 75' lang='lat' dir='ltr'>Baehreusius&#39;</span> <span class='ocrx_word' id='word_1_164' title='bbox 611 2079 624 2117; x_wconf 80' lang='lat' dir='ltr'>e</span> <span class='ocrx_word' id='word_1_165' title='bbox 623 2076 727 2131; x_wconf 38' lang='lat' dir='ltr'>messer</span> <span class='ocrx_word' id='word_1_166' title='bbox 742 2061 796 2118; x_wconf 80' lang='lat' dir='ltr'>en!</span> <span class='ocrx_word' id='word_1_167' title='bbox 816 2060 873 2118; x_wconf 77' lang='lat' dir='ltr'>alio</span> <span class='ocrx_word' id='word_1_168' title='bbox 888 2062 976 2120; x_wconf 78' lang='lat' dir='ltr'>traice</span> <span class='ocrx_word' id='word_1_169' title='bbox 989 2063 1045 2120; x_wconf 76' lang='lat' dir='ltr'>tezo</span> 
     </span>
     <span class='ocr_line' id='line_1_21' title="bbox 82 2143 1044 2220; baseline -0.001 -17"><span class='ocrx_word' id='word_1_170' title='bbox 82 2151 153 2215; x_wconf 65' lang='lat' dir='ltr'>tum</span> <span class='ocrx_word' id='word_1_171' title='bbox 174 2163 245 2204; x_wconf 85' lang='lat' dir='ltr'>nem</span> <span class='ocrx_word' id='word_1_172' title='bbox 263 2162 280 2204; x_wconf 82' lang='lat' dir='ltr'>e</span> <span class='ocrx_word' id='word_1_173' title='bbox 298 2163 335 2204; x_wconf 84' lang='lat' dir='ltr'>ex</span> <span class='ocrx_word' id='word_1_174' title='bbox 353 2146 454 2220; x_wconf 89' lang='lat' dir='ltr'>priore</span> <span class='ocrx_word' id='word_1_175' title='bbox 474 2164 503 2204; x_wconf 87' lang='lat' dir='ltr'>v.</span> <span class='ocrx_word' id='word_1_176' title='bbox 524 2143 670 2214; x_wconf 84' lang='lat' dir='ltr'>edheesit,</span> <span class='ocrx_word' id='word_1_177' title='bbox 691 2159 729 2201; x_wconf 77' lang='lat' dir='ltr'>en</span> <span class='ocrx_word' id='word_1_178' title='bbox 747 2145 779 2201; x_wconf 85' lang='lat' dir='ltr'>et</span> <span class='ocrx_word' id='word_1_179' title='bbox 792 2148 834 2202; x_wconf 82' lang='lat' dir='ltr'>est</span> <span class='ocrx_word' id='word_1_180' title='bbox 847 2144 951 2202; x_wconf 86' lang='lat' dir='ltr'>eodem</span> <span class='ocrx_word' id='word_1_181' title='bbox 966 2163 1044 2204; x_wconf 90' lang='lat' dir='ltr'>com-</span> 
     </span>
     <span class='ocr_line' id='line_1_22' title="bbox 80 2226 1044 2304; baseline 0 -16"><span class='ocrx_word' id='word_1_182' title='bbox 80 2226 192 2304; x_wconf 87' lang='lat' dir='ltr'>pendio</span> <span class='ocrx_word' id='word_1_183' title='bbox 213 2231 380 2288; x_wconf 76' lang='lat' dir='ltr'>exurentur.</span> <span class='ocrx_word' id='word_1_184' title='bbox 419 2228 488 2303; x_wconf 91' lang='lat' dir='ltr'>Ipse</span> <span class='ocrx_word' id='word_1_185' title='bbox 508 2230 608 2286; x_wconf 86' lang='lat' dir='ltr'>eutem</span> <span class='ocrx_word' id='word_1_186' title='bbox 633 2245 716 2285; x_wconf 83' lang='lat' dir='ltr'>cesus</span> <span class='ocrx_word' id='word_1_187' title='bbox 741 2227 894 2287; x_wconf 75' lang='lat' dir='ltr'>vocativus</span> <span class='ocrx_word' id='word_1_188' title='bbox 916 2229 1044 2288; x_wconf 78' lang='lat' dir='ltr'>orationi</span> 
     </span>
     <span class='ocr_line' id='line_1_23' title="bbox 81 2312 731 2388; baseline -0.003 -18"><span class='ocrx_word' id='word_1_189' title='bbox 81 2332 159 2388; x_wconf 82' lang='lat' dir='ltr'>ques</span> <span class='ocrx_word' id='word_1_190' title='bbox 175 2315 262 2371; x_wconf 84' lang='lat' dir='ltr'>antee</span> <span class='ocrx_word' id='word_1_191' title='bbox 275 2313 330 2371; x_wconf 87' lang='lat' dir='ltr'>teli</span> <span class='ocrx_word' id='word_1_192' title='bbox 344 2312 463 2371; x_wconf 84' lang='lat' dir='ltr'>cerebet</span> <span class='ocrx_word' id='word_1_193' title='bbox 476 2330 620 2387; x_wconf 88' lang='lat' dir='ltr'>perquem</span> <span class='ocrx_word' id='word_1_194' title='bbox 635 2313 731 2386; x_wconf 80' lang='lat' dir='ltr'>aptus.</span> 
     </span>
    </p>

    <p class='ocr_par' dir='ltr' id='par_1_7' title="bbox 146 2395 659 2470">
     <span class='ocr_line' id='line_1_24' title="bbox 146 2395 659 2470; baseline -0.004 -16"><span class='ocrx_word' id='word_1_195' title='bbox 146 2397 203 2470; x_wconf 88' lang='grc' dir='ltr'>ΙΠ,</span> <span class='ocrx_word' id='word_1_196' title='bbox 221 2398 270 2469; x_wconf 83' lang='grc'>13,</span> <span class='ocrx_word' id='word_1_197' title='bbox 287 2398 326 2456; x_wconf 83' lang='grc'>35</span> <span class='ocrx_word' id='word_1_198' title='bbox 341 2397 470 2465; x_wconf 64' lang='lat' dir='ltr'>botida,</span> <span class='ocrx_word' id='word_1_199' title='bbox 485 2397 571 2455; x_wconf 76' lang='lat' dir='ltr'>eride</span> <span class='ocrx_word' id='word_1_200' title='bbox 581 2395 659 2454; x_wconf 78' lang='lat' dir='ltr'>Itali.</span> 
     </span>
    </p>

    <p class='ocr_par' dir='ltr' id='par_1_8' title="bbox 146 2478 678 2554">
     <span class='ocr_line' id='line_1_25' title="bbox 146 2478 678 2554; baseline -0.004 -17"><span class='ocrx_word' id='word_1_201' title='bbox 146 2481 188 2538; x_wconf 89' lang='lat' dir='ltr'>ib.</span> <span class='ocrx_word' id='word_1_202' title='bbox 205 2482 245 2539; x_wconf 84' lang='lat'>38</span> <span class='ocrx_word' id='word_1_203' title='bbox 258 2483 362 2552; x_wconf 69' lang='lat' dir='ltr'>floreret</span> <span class='ocrx_word' id='word_1_204' title='bbox 376 2481 464 2554; x_wconf 80' lang='lat' dir='ltr'>docti,</span> <span class='ocrx_word' id='word_1_205' title='bbox 479 2479 599 2552; x_wconf 73' lang='lat' dir='ltr'>fuerant</span> <span class='ocrx_word' id='word_1_206' title='bbox 614 2478 678 2538; x_wconf 87' lang='lat' dir='ltr'>cdd.</span> 
     </span>
    </p>

    <p class='ocr_par' dir='ltr' id='par_1_9' title="bbox 79 2564 1045 2724">
     <span class='ocr_line' id='line_1_26' title="bbox 145 2564 1045 2639; baseline -0.001 -17"><span class='ocrx_word' id='word_1_207' title='bbox 145 2564 188 2622; x_wconf 92' lang='lat' dir='ltr'>ib.</span> <span class='ocrx_word' id='word_1_208' title='bbox 203 2565 243 2623; x_wconf 82' lang='lat'>47</span> <span class='ocrx_word' id='word_1_209' title='bbox 260 2567 307 2624; x_wconf 67' lang='lat' dir='ltr'>ores?</span> <span class='ocrx_word' id='word_1_210' title='bbox 320 2564 482 2639; x_wconf 86' lang='lat' dir='ltr'>Livineius,</span> <span class='ocrx_word' id='word_1_211' title='bbox 496 2566 523 2624; x_wconf 80' lang='lat' dir='ltr'>si</span> <span class='ocrx_word' id='word_1_212' title='bbox 535 2564 615 2636; x_wconf 77' lang='lat' dir='ltr'>Itali,</span> <span class='ocrx_word' id='word_1_213' title='bbox 631 2565 696 2636; x_wconf 76' lang='lat' dir='ltr'>quie</span> <span class='ocrx_word' id='word_1_214' title='bbox 709 2569 771 2622; x_wconf 79' lang='lat' dir='ltr'>tom</span> <span class='ocrx_word' id='word_1_215' title='bbox 785 2564 866 2636; x_wconf 85' lang='lat' dir='ltr'>cdd.;</span> <span class='ocrx_word' id='word_1_216' title='bbox 882 2566 930 2622; x_wconf 80' lang='lat' dir='ltr'>eue’</span> <span class='ocrx_word' id='word_1_217' title='bbox 943 2567 970 2622; x_wconf 78' lang='lat' dir='ltr'>si</span> <span class='ocrx_word' id='word_1_218' title='bbox 983 2569 1045 2623; x_wconf 84' lang='lat' dir='ltr'>tem</span> 
     </span>
     <span class='ocr_line' id='line_1_27' title="bbox 79 2648 369 2724; baseline -0.007 -16"><span class='ocrx_word' id='word_1_219' title='bbox 79 2651 187 2724; x_wconf 75' lang='lat' dir='ltr'>lenpac</span> <span class='ocrx_word' id='word_1_220' title='bbox 201 2648 369 2709; x_wconf 84' lang='lat' dir='ltr'>Sentenius.</span> 
     </span>
    </p>

    <p class='ocr_par' dir='ltr' id='par_1_10' title="bbox 78 2730 1044 3060">
     <span class='ocr_line' id='line_1_28' title="bbox 144 2730 1043 2802; baseline -0.004 -11"><span class='ocrx_word' id='word_1_221' title='bbox 144 2732 188 2791; x_wconf 89' lang='lat' dir='ltr'>ib.</span> <span class='ocrx_word' id='word_1_222' title='bbox 203 2733 244 2792; x_wconf 87' lang='lat'>49</span> <span class='ocrx_word' id='word_1_223' title='bbox 264 2750 326 2792; x_wconf 75' lang='lat' dir='ltr'>oon</span> <span class='ocrx_word' id='word_1_224' title='bbox 344 2734 392 2792; x_wconf 60' lang='lat' dir='ltr'>elle</span> <span class='ocrx_word' id='word_1_225' title='bbox 411 2731 561 2792; x_wconf 74' lang='lat' dir='ltr'>Antilochi</span> <span class='ocrx_word' id='word_1_226' title='bbox 580 2733 695 2790; x_wconf 65' lang='lat' dir='ltr'>oidbset</span> <span class='ocrx_word' id='word_1_227' title='bbox 715 2747 819 2802; x_wconf 73' lang='lat' dir='ltr'>corpses</span> <span class='ocrx_word' id='word_1_228' title='bbox 838 2731 964 2789; x_wconf 76' lang='lat' dir='ltr'>humari.</span> <span class='ocrx_word' id='word_1_229' title='bbox 989 2730 1043 2789; x_wconf 86' lang='lat' dir='ltr'>Su-</span> 
     </span>
     <span class='ocr_line' id='line_1_29' title="bbox 79 2813 1043 2892; baseline -0.005 -16"><span class='ocrx_word' id='word_1_230' title='bbox 79 2819 219 2892; x_wconf 83' lang='lat' dir='ltr'>spectum</span> <span class='ocrx_word' id='word_1_231' title='bbox 237 2815 351 2875; x_wconf 75' lang='lat' dir='ltr'>freuffls</span> <span class='ocrx_word' id='word_1_232' title='bbox 370 2835 550 2891; x_wconf 87' lang='lat' dir='ltr'>pronomen,</span> <span class='ocrx_word' id='word_1_233' title='bbox 572 2833 639 2873; x_wconf 86' lang='lat' dir='ltr'>oum</span> <span class='ocrx_word' id='word_1_234' title='bbox 660 2813 738 2872; x_wconf 82' lang='lat' dir='ltr'>obsit</span> <span class='ocrx_word' id='word_1_235' title='bbox 752 2813 789 2871; x_wconf 85' lang='lat' dir='ltr'>eb</span> <span class='ocrx_word' id='word_1_236' title='bbox 803 2813 833 2870; x_wconf 90' lang='lat' dir='ltr'>N</span> <span class='ocrx_word' id='word_1_237' title='bbox 846 2831 942 2887; x_wconf 88' lang='lat' dir='ltr'>neque</span> <span class='ocrx_word' id='word_1_238' title='bbox 957 2830 1043 2871; x_wconf 81' lang='lat' dir='ltr'>ceusu</span> 
     </span>
     <span class='ocr_line' id='line_1_30' title="bbox 79 2895 1044 2975; baseline -0.004 -17"><span class='ocrx_word' id='word_1_239' title='bbox 79 2899 217 2959; x_wconf 87' lang='lat' dir='ltr'>defectus</span> <span class='ocrx_word' id='word_1_240' title='bbox 242 2904 391 2975; x_wconf 83' lang='lat' dir='ltr'>epperoat.</span> <span class='ocrx_word' id='word_1_241' title='bbox 421 2901 543 2974; x_wconf 83' lang='lat' dir='ltr'>Repone</span> <span class='ocrx_word' id='word_1_242' title='bbox 562 2898 639 2958; x_wconf 86' lang='lat' dir='ltr'>illud</span> <span class='ocrx_word' id='word_1_243' title='bbox 661 2903 728 2966; x_wconf 79' lang='lat' dir='ltr'>aet,</span> <span class='ocrx_word' id='word_1_244' title='bbox 749 2897 937 2971; x_wconf 82' lang='lat' dir='ltr'>quodquam</span> <span class='ocrx_word' id='word_1_245' title='bbox 956 2895 1044 2954; x_wconf 81' lang='lat' dir='ltr'>focile</span> 
     </span>
     <span class='ocr_line' id='line_1_31' title="bbox 78 2979 890 3060; baseline -0.009 -17"><span class='ocrx_word' id='word_1_246' title='bbox 78 2985 217 3060; x_wconf 86' lang='lat' dir='ltr'>potuerit</span> <span class='ocrx_word' id='word_1_247' title='bbox 230 2983 384 3044; x_wconf 76' lang='lat' dir='ltr'>absorberi</span> <span class='ocrx_word' id='word_1_248' title='bbox 399 2987 541 3058; x_wconf 84' lang='lat' dir='ltr'>sequente</span> <span class='ocrx_word' id='word_1_249' title='bbox 556 2987 609 3042; x_wconf 77' lang='lat' dir='ltr'>aot</span> <span class='ocrx_word' id='word_1_250' title='bbox 622 2999 710 3040; x_wconf 85' lang='lat' dir='ltr'>nemo</span> <span class='ocrx_word' id='word_1_251' title='bbox 724 2983 786 3038; x_wconf 87' lang='lat' dir='ltr'>non</span> <span class='ocrx_word' id='word_1_252' title='bbox 799 2979 890 3038; x_wconf 87' lang='lat' dir='ltr'>videt.</span> 
     </span>
    </p>

    <p class='ocr_par' dir='ltr' id='par_1_11' title="bbox 81 3062 1042 3228">
     <span class='ocr_line' id='line_1_32' title="bbox 144 3062 1042 3143; baseline -0.003 -17"><span class='ocrx_word' id='word_1_253' title='bbox 144 3068 186 3127; x_wconf 90' lang='lat' dir='ltr'>ib.</span> <span class='ocrx_word' id='word_1_254' title='bbox 203 3068 243 3126; x_wconf 83' lang='lat'>53</span> <span class='ocrx_word' id='word_1_255' title='bbox 258 3066 391 3128; x_wconf 75' lang='lat' dir='ltr'>Adonem</span> <span class='ocrx_word' id='word_1_256' title='bbox 406 3066 468 3127; x_wconf 72' lang='lat' dir='ltr'>GN</span> <span class='ocrx_word' id='word_1_257' title='bbox 482 3068 566 3143; x_wconf 87' lang='lat' dir='ltr'>ch.,</span> <span class='ocrx_word' id='word_1_258' title='bbox 582 3067 661 3140; x_wconf 89' lang='lat' dir='ltr'>quod</span> <span class='ocrx_word' id='word_1_259' title='bbox 675 3063 793 3137; x_wconf 73' lang='lat' dir='ltr'>reduxi,</span> <span class='ocrx_word' id='word_1_260' title='bbox 809 3064 847 3120; x_wconf 86' lang='lat' dir='ltr'>cf.</span> <span class='ocrx_word' id='word_1_261' title='bbox 859 3062 888 3121; x_wconf 84' lang='lat' dir='ltr'>d.</span> <span class='ocrx_word' id='word_1_262' title='bbox 898 3082 923 3120; x_wconf 90' lang='lat' dir='ltr'>r.</span> <span class='ocrx_word' id='word_1_263' title='bbox 936 3083 976 3122; x_wconf 89' lang='lat' dir='ltr'>m.</span> <span class='ocrx_word' id='word_1_264' title='bbox 991 3084 1042 3141; x_wconf 87' lang='lat' dir='ltr'>pg.</span> 
     </span>
     <span class='ocr_line' id='line_1_33' title="bbox 81 3151 595 3228; baseline -0.008 -16"><span class='ocrx_word' id='word_1_265' title='bbox 81 3151 161 3226; x_wconf 77' lang='lat'>1093</span> <span class='ocrx_word' id='word_1_266' title='bbox 176 3151 293 3212; x_wconf 84' lang='lat' dir='ltr'>Probus</span> <span class='ocrx_word' id='word_1_267' title='bbox 308 3171 353 3228; x_wconf 82' lang='lat' dir='ltr'>gr.</span> <span class='ocrx_word' id='word_1_268' title='bbox 368 3153 419 3210; x_wconf 85' lang='lat' dir='ltr'>let.</span> <span class='ocrx_word' id='word_1_269' title='bbox 435 3151 506 3224; x_wconf 89' lang='lat' dir='ltr'>HII,</span> <span class='ocrx_word' id='word_1_270' title='bbox 525 3151 595 3208; x_wconf 84' lang='lat'>121.</span> 
     </span>
    </p>

    <p class='ocr_par' dir='ltr' id='par_1_12' title="bbox 79 3233 1043 3480">
     <span class='ocr_line' id='line_1_34' title="bbox 145 3233 1042 3309; baseline -0.003 -15"><span class='ocrx_word' id='word_1_271' title='bbox 145 3236 186 3294; x_wconf 91' lang='lat' dir='ltr'>ib.</span> <span class='ocrx_word' id='word_1_272' title='bbox 209 3235 508 3308; x_wconf 62' lang='lat' dir='ltr'>commonueram</span> <span class='ocrx_word' id='word_1_273' title='bbox 526 3237 664 3295; x_wconf 63' lang='lat' dir='ltr'>coctasse</span> <span class='ocrx_word' id='word_1_274' title='bbox 682 3235 859 3309; x_wconf 58' lang='lat' dir='ltr'>peccem·</span> <span class='ocrx_word' id='word_1_275' title='bbox 880 3233 939 3293; x_wconf 69' lang='lat' dir='ltr'>teo</span> <span class='ocrx_word' id='word_1_276' title='bbox 963 3233 1042 3305; x_wconf 79' lang='lat' dir='ltr'>Itali,</span> 
     </span>
     <span class='ocr_line' id='line_1_35' title="bbox 79 3318 1043 3395; baseline -0.005 -16"><span class='ocrx_word' id='word_1_277' title='bbox 79 3321 140 3379; x_wconf 64' lang='lat' dir='ltr'>eltis</span> <span class='ocrx_word' id='word_1_278' title='bbox 153 3318 233 3394; x_wconf 73' lang='lat' dir='ltr'>NG3</span> <span class='ocrx_word' id='word_1_279' title='bbox 254 3319 335 3378; x_wconf 88' lang='lat' dir='ltr'>idern</span> <span class='ocrx_word' id='word_1_280' title='bbox 353 3319 425 3378; x_wconf 85' lang='lat' dir='ltr'>libri</span> <span class='ocrx_word' id='word_1_281' title='bbox 438 3323 578 3391; x_wconf 53' lang='lat' dir='ltr'>inmuose·</span> <span class='ocrx_word' id='word_1_282' title='bbox 599 3319 679 3395; x_wconf 89' lang='lat' dir='ltr'>quod</span> <span class='ocrx_word' id='word_1_283' title='bbox 692 3321 793 3395; x_wconf 86' lang='lat' dir='ltr'>inepte</span> <span class='ocrx_word' id='word_1_284' title='bbox 807 3319 919 3394; x_wconf 83' lang='lat' dir='ltr'>pariter</span> <span class='ocrx_word' id='word_1_285' title='bbox 933 3335 966 3375; x_wconf 90' lang='lat' dir='ltr'>ec</span> <span class='ocrx_word' id='word_1_286' title='bbox 979 3318 1043 3375; x_wconf 85' lang='lat' dir='ltr'>lun-</span> 
     </span>
     <span class='ocr_line' id='line_1_36' title="bbox 80 3402 1043 3480; baseline -0.005 -19"><span class='ocrx_word' id='word_1_287' title='bbox 80 3403 173 3480; x_wconf 83' lang='lat' dir='ltr'>guide</span> <span class='ocrx_word' id='word_1_288' title='bbox 197 3402 255 3462; x_wconf 88' lang='lat' dir='ltr'>dici</span> <span class='ocrx_word' id='word_1_289' title='bbox 268 3403 458 3463; x_wconf 80' lang='lat' dir='ltr'>Lachmanno</span> <span class='ocrx_word' id='word_1_290' title='bbox 479 3406 566 3480; x_wconf 80' lang='lat' dir='ltr'>plane</span> <span class='ocrx_word' id='word_1_291' title='bbox 586 3404 749 3476; x_wconf 75' lang='lat' dir='ltr'>adsentior,</span> <span class='ocrx_word' id='word_1_292' title='bbox 776 3403 833 3462; x_wconf 82' lang='lat' dir='ltr'>etsi</span> <span class='ocrx_word' id='word_1_293' title='bbox 858 3402 1043 3460; x_wconf 73' lang='lat' dir='ltr'>coniecturae</span> 
     </span>
    </p>
   </div>
   <div class='ocr_carea' id='block_1_3' title="bbox 80 3482 1043 3646">
    <p class='ocr_par' dir='ltr' id='par_1_13' title="bbox 80 3482 1043 3646">
     <span class='ocr_line' id='line_1_37' title="bbox 80 3482 1043 3564; baseline -0.008 -19"><span class='ocrx_word' id='word_1_294' title='bbox 80 3487 155 3560; x_wconf 84' lang='lat' dir='ltr'>ciue,</span> <span class='ocrx_word' id='word_1_295' title='bbox 171 3506 231 3562; x_wconf 82' lang='lat' dir='ltr'>quo</span> <span class='ocrx_word' id='word_1_296' title='bbox 243 3487 351 3547; x_wconf 84' lang='lat' dir='ltr'>tollere</span> <span class='ocrx_word' id='word_1_297' title='bbox 366 3487 481 3547; x_wconf 85' lang='lat' dir='ltr'>studuit</span> <span class='ocrx_word' id='word_1_298' title='bbox 493 3489 610 3560; x_wconf 82' lang='lat' dir='ltr'>vitium,</span> <span class='ocrx_word' id='word_1_299' title='bbox 633 3490 683 3549; x_wconf 87' lang='lat' dir='ltr'>vix</span> <span class='ocrx_word' id='word_1_300' title='bbox 697 3489 854 3564; x_wconf 79' lang='lat' dir='ltr'>quisquam</span> <span class='ocrx_word' id='word_1_301' title='bbox 869 3482 1043 3544; x_wconf 79' lang='lat' dir='ltr'>subscribet.</span> 
     </span>
     <span class='ocr_line' id='line_1_38' title="bbox 81 3564 996 3646; baseline -0.012 -16"><span class='ocrx_word' id='word_1_302' title='bbox 81 3571 280 3630; x_wconf 82' lang='lat' dir='ltr'>Scribendum</span> <span class='ocrx_word' id='word_1_303' title='bbox 293 3571 326 3629; x_wconf 88' lang='lat' dir='ltr'>id</span> <span class='ocrx_word' id='word_1_304' title='bbox 340 3571 419 3646; x_wconf 87' lang='lat' dir='ltr'>quod</span> <span class='ocrx_word' id='word_1_305' title='bbox 433 3574 479 3631; x_wconf 83' lang='lat' dir='ltr'>est</span> <span class='ocrx_word' id='word_1_306' title='bbox 492 3575 629 3632; x_wconf 80' lang='lat' dir='ltr'>vocitasse</span> <span class='ocrx_word' id='word_1_307' title='bbox 642 3593 671 3632; x_wconf 84' lang='lat' dir='ltr'>v.</span> <span class='ocrx_word' id='word_1_308' title='bbox 688 3573 727 3630; x_wconf 80' lang='lat'>57</span> <span class='ocrx_word' id='word_1_309' title='bbox 742 3571 862 3629; x_wconf 80' lang='lat' dir='ltr'>videtur</span> <span class='ocrx_word' id='word_1_310' title='bbox 874 3564 996 3623; x_wconf 71' lang='lat' dir='ltr'>firman.</span> 
     </span>
    </p>
   </div>
   <div class='ocr_carea' id='block_1_4' title="bbox 0 18 1236 4020">
    <p class='ocr_par' dir='ltr' id='par_1_14' title="bbox 0 18 1236 4020">
     <span class='ocr_line' id='line_1_39' title="bbox 0 18 1236 4020; baseline 0 0"><span class='ocrx_word' id='word_1_311' title='bbox 0 18 1236 4020; x_wconf 95' lang='lat' dir='ltr'> </span> 
     </span>
    </p>
   </div>
  </div>
 </body>
</html>
