<?xml version="1.0" encoding="UTF-8"?>
<!DOCTYPE html PUBLIC "-//W3C//DTD XHTML 1.0 Transitional//EN"
    "http://www.w3.org/TR/xhtml1/DTD/xhtml1-transitional.dtd">
<html xmlns="http://www.w3.org/1999/xhtml" xml:lang="en" lang="en">
 <head>
  <title>
</title>
<meta http-equiv="Content-Type" content="text/html;charset=utf-8" />
  <meta name='ocr-system' content='tesseract 3.04.00' />
  <meta name='ocr-capabilities' content='ocr_page ocr_carea ocr_par ocr_line ocrx_word'/>
</head>
<body>
  <div class='ocr_page' id='page_1' title='image "./catvllitibvllip00priagoog_0358.png"; bbox 0 0 2464 4020; ppageno 0'>
   <div class='ocr_carea' id='block_1_1' title="bbox 197 172 784 236">
    <p class='ocr_par' dir='ltr' id='par_1_1' title="bbox 197 172 784 236">
     <span class='ocr_line' id='line_1_1' title="bbox 197 172 784 236; baseline -0.009 0"><span class='ocrx_word' id='word_1_1' title='bbox 197 187 310 236; x_wconf 76' lang='lat' dir='ltr'><strong><em>mlv</em></strong></span> <span class='ocrx_word' id='word_1_2' title='bbox 570 172 784 231; x_wconf 74' lang='lat' dir='ltr'><strong>PRAEFATIO.</strong></span> 
     </span>
    </p>
   </div>
   <div class='ocr_carea' id='block_1_2' title="bbox 190 341 1160 3527">
    <p class='ocr_par' dir='ltr' id='par_1_2' title="bbox 196 341 1160 588">
     <span class='ocr_line' id='line_1_2' title="bbox 197 341 1160 424; baseline 0.004 -24"><span class='ocrx_word' id='word_1_3' title='bbox 197 346 291 418; x_wconf 70' lang='lat' dir='ltr'><strong><em>sanae</em></strong></span> <span class='ocrx_word' id='word_1_4' title='bbox 310 359 382 417; x_wconf 86' lang='lat' dir='ltr'><strong><em>opus</em></strong></span> <span class='ocrx_word' id='word_1_5' title='bbox 396 344 428 401; x_wconf 90' lang='lat' dir='ltr'><strong><em>et</em></strong></span> <span class='ocrx_word' id='word_1_6' title='bbox 441 342 520 417; x_wconf 87' lang='lat' dir='ltr'><strong><em>apud</em></strong></span> <span class='ocrx_word' id='word_1_7' title='bbox 533 341 684 424; x_wconf 84' lang='lat' dir='ltr'><strong><em>Nasonem</em></strong></span> <span class='ocrx_word' id='word_1_8' title='bbox 698 342 816 403; x_wconf 74' lang='lat' dir='ltr'><strong><em>imbelles</em></strong></span> <span class='ocrx_word' id='word_1_9' title='bbox 834 343 912 419; x_wconf 84' lang='lat' dir='ltr'><strong><em>etepi,</em></strong></span> <span class='ocrx_word' id='word_1_10' title='bbox 925 347 1053 420; x_wconf 76' lang='lat' dir='ltr'><strong><em>peitatis</em></strong></span> <span class='ocrx_word' id='word_1_11' title='bbox 1065 363 1160 414; x_wconf 83' lang='lat' dir='ltr'><strong><em>muso,</em></strong></span> 
     </span>
     <span class='ocr_line' id='line_1_3' title="bbox 196 425 1159 504; baseline -0.001 -15"><span class='ocrx_word' id='word_1_12' title='bbox 196 429 347 489; x_wconf 79' lang='lat' dir='ltr'><strong><em>selemiae</em></strong></span> <span class='ocrx_word' id='word_1_13' title='bbox 361 431 490 487; x_wconf 77' lang='lat' dir='ltr'><strong><em>meristae</em></strong></span> <span class='ocrx_word' id='word_1_14' title='bbox 503 425 624 498; x_wconf 70' lang='lat' dir='ltr'><strong><em>formae,</em></strong></span> <span class='ocrx_word' id='word_1_15' title='bbox 636 425 673 486; x_wconf 83' lang='lat' dir='ltr'><strong><em>ab</em></strong></span> <span class='ocrx_word' id='word_1_16' title='bbox 685 428 824 500; x_wconf 73' lang='lat' dir='ltr'><strong><em>exsequiis</em></strong></span> <span class='ocrx_word' id='word_1_17' title='bbox 834 431 969 488; x_wconf 79' lang='lat' dir='ltr'><strong><em>earmina</em></strong></span> <span class='ocrx_word' id='word_1_18' title='bbox 982 435 1077 504; x_wconf 80' lang='lat' dir='ltr'><strong><em>rapte.</em></strong></span> <span class='ocrx_word' id='word_1_19' title='bbox 1103 429 1159 488; x_wconf 85' lang='lat' dir='ltr'><strong><em>Sed</em></strong></span> 
     </span>
     <span class='ocr_line' id='line_1_4' title="bbox 196 512 517 588; baseline -0.003 -18"><span class='ocrx_word' id='word_1_20' title='bbox 196 512 290 588; x_wconf 90' lang='lat' dir='ltr'><strong><em>pudet</em></strong></span> <span class='ocrx_word' id='word_1_21' title='bbox 304 512 517 588; x_wconf 82' lang='lat' dir='ltr'><strong><em>exemplorum.</em></strong></span> 
     </span>
    </p>

    <p class='ocr_par' dir='ltr' id='par_1_3' title="bbox 197 594 1159 825">
     <span class='ocr_line' id='line_1_5' title="bbox 259 594 1159 672; baseline 0.001 -18"><span class='ocrx_word' id='word_1_22' title='bbox 259 596 301 654; x_wconf 82' lang='lat' dir='ltr'><strong><em>Et</em></strong></span> <span class='ocrx_word' id='word_1_23' title='bbox 314 597 373 655; x_wconf 87' lang='lat' dir='ltr'><strong><em>iam</em></strong></span> <span class='ocrx_word' id='word_1_24' title='bbox 393 594 461 655; x_wconf 85' lang='lat' dir='ltr'><strong><em>vide</em></strong></span> <span class='ocrx_word' id='word_1_25' title='bbox 475 594 558 668; x_wconf 88' lang='lat' dir='ltr'><strong><em>mihi,</em></strong></span> <span class='ocrx_word' id='word_1_26' title='bbox 574 597 686 670; x_wconf 87' lang='lat' dir='ltr'><strong><em>quanta</em></strong></span> <span class='ocrx_word' id='word_1_27' title='bbox 701 611 767 653; x_wconf 89' lang='lat' dir='ltr'><strong><em>oum</em></strong></span> <span class='ocrx_word' id='word_1_28' title='bbox 785 596 984 656; x_wconf 70' lang='lat' dir='ltr'>concinnitate</span> <span class='ocrx_word' id='word_1_29' title='bbox 999 597 1159 672; x_wconf 74' lang='lat' dir='ltr'>procedant</span> 
     </span>
     <span class='ocr_line' id='line_1_6' title="bbox 197 679 1159 756; baseline -0.001 -16"><span class='ocrx_word' id='word_1_30' title='bbox 197 680 378 753; x_wconf 62' lang='lat' dir='ltr'><strong><em>sententiam</em></strong></span> <span class='ocrx_word' id='word_1_31' title='bbox 393 697 463 738; x_wconf 86' lang='lat' dir='ltr'><strong><em>uam</em></strong></span> <span class='ocrx_word' id='word_1_32' title='bbox 474 679 634 752; x_wconf 70' lang='lat' dir='ltr'><strong><em>sapientiae</em></strong></span> <span class='ocrx_word' id='word_1_33' title='bbox 645 679 827 756; x_wconf 88' lang='lat' dir='ltr'><strong><em>respondent</em></strong></span> <span class='ocrx_word' id='word_1_34' title='bbox 841 697 899 754; x_wconf 87' lang='lat' dir='ltr'><strong><em>epe,</em></strong></span> <span class='ocrx_word' id='word_1_35' title='bbox 910 680 1067 742; x_wconf 71' lang='lat' dir='ltr'><strong><em>Socraticis</em></strong></span> <span class='ocrx_word' id='word_1_36' title='bbox 1079 683 1159 742; x_wconf 74' lang='lat' dir='ltr'><strong><em>libres</em></strong></span> 
     </span>
     <span class='ocr_line' id='line_1_7' title="bbox 198 765 419 825; baseline -0.014 0"><span class='ocrx_word' id='word_1_37' title='bbox 198 765 264 825; x_wconf 79' lang='lat' dir='ltr'><strong><em>Otii</em></strong></span> <span class='ocrx_word' id='word_1_38' title='bbox 278 765 419 825; x_wconf 76' lang='lat' dir='ltr'><strong><em>earmina.</em></strong></span> 
     </span>
    </p>

    <p class='ocr_par' dir='ltr' id='par_1_4' title="bbox 195 847 1157 2016">
     <span class='ocr_line' id='line_1_8' title="bbox 260 847 1157 911; baseline 0.003 -5"><span class='ocrx_word' id='word_1_39' title='bbox 260 848 300 908; x_wconf 92' lang='lat' dir='ltr'><strong><em>ib.</em></strong></span> <span class='ocrx_word' id='word_1_40' title='bbox 318 851 357 907; x_wconf 92' lang='lat'><strong><em>31</em></strong></span> <span class='ocrx_word' id='word_1_41' title='bbox 373 853 406 907; x_wconf 85' lang='lat' dir='ltr'><strong><em>im</em></strong></span> <span class='ocrx_word' id='word_1_42' title='bbox 419 849 513 906; x_wconf 81' lang='lat' dir='ltr'><strong><em>sotios</em></strong></span> <span class='ocrx_word' id='word_1_43' title='bbox 525 862 679 907; x_wconf 84' lang='lat' dir='ltr'><strong><em>memorem</em></strong></span> <span class='ocrx_word' id='word_1_44' title='bbox 701 847 783 907; x_wconf 77' lang='lat' dir='ltr'><strong><em>hisee</em></strong></span> <span class='ocrx_word' id='word_1_45' title='bbox 796 850 906 908; x_wconf 81' lang='lat' dir='ltr'><strong><em>imitere</em></strong></span> <span class='ocrx_word' id='word_1_46' title='bbox 919 848 1068 911; x_wconf 75' lang='lat' dir='ltr'><strong><em>Philetem.</em></strong></span> <span class='ocrx_word' id='word_1_47' title='bbox 1096 849 1157 909; x_wconf 74' lang='lat' dir='ltr'><strong><em>Lm</em></strong></span> 
     </span>
     <span class='ocr_line' id='line_1_9' title="bbox 195 929 1156 1006; baseline -0.003 -13"><span class='ocrx_word' id='word_1_48' title='bbox 195 952 248 994; x_wconf 82' lang='lat' dir='ltr'><strong><em>seo</em></strong></span> <span class='ocrx_word' id='word_1_49' title='bbox 267 931 414 1000; x_wconf 74' lang='lat' dir='ltr'><strong><em>Eldilrius</em></strong></span> <span class='ocrx_word' id='word_1_50' title='bbox 434 931 533 990; x_wconf 80' lang='lat' dir='ltr'><strong><em>Musis</em></strong></span> <span class='ocrx_word' id='word_1_51' title='bbox 552 929 632 1006; x_wconf 91' lang='lat' dir='ltr'><strong><em>quod</em></strong></span> <span class='ocrx_word' id='word_1_52' title='bbox 651 949 667 990; x_wconf 88' lang='lat' dir='ltr'><strong><em>e</em></strong></span> <span class='ocrx_word' id='word_1_53' title='bbox 686 930 879 1006; x_wconf 73' lang='lat' dir='ltr'><strong><em>praecedente</em></strong></span> <span class='ocrx_word' id='word_1_54' title='bbox 899 951 929 991; x_wconf 92' lang='lat' dir='ltr'><strong><em>m</em></strong></span> <span class='ocrx_word' id='word_1_55' title='bbox 949 933 1049 992; x_wconf 88' lang='lat' dir='ltr'><strong><em>labem</em></strong></span> <span class='ocrx_word' id='word_1_56' title='bbox 1070 934 1156 992; x_wconf 84' lang='lat' dir='ltr'><strong><em>traxit</em></strong></span> 
     </span>
     <span class='ocr_line' id='line_1_10' title="bbox 196 1013 1156 1092; baseline 0 -16"><span class='ocrx_word' id='word_1_57' title='bbox 196 1015 261 1076; x_wconf 90' lang='lat' dir='ltr'><strong><em>edd.</em></strong></span> <span class='ocrx_word' id='word_1_58' title='bbox 290 1015 467 1092; x_wconf 80' lang='lat' dir='ltr'><strong><em>ingeniosos</em></strong></span> <span class='ocrx_word' id='word_1_59' title='bbox 480 1013 572 1074; x_wconf 81' lang='lat' dir='ltr'><strong><em>fuisse</em></strong></span> <span class='ocrx_word' id='word_1_60' title='bbox 586 1014 638 1089; x_wconf 88' lang='lat' dir='ltr'><strong><em>qui</em></strong></span> <span class='ocrx_word' id='word_1_61' title='bbox 652 1014 817 1074; x_wconf 83' lang='lat' dir='ltr'><strong><em>seriberent</em></strong></span> <span class='ocrx_word' id='word_1_62' title='bbox 830 1016 867 1074; x_wconf 88' lang='lat' dir='ltr'><strong><em>de</em></strong></span> <span class='ocrx_word' id='word_1_63' title='bbox 882 1016 1053 1076; x_wconf 74' lang='lat' dir='ltr'><strong><em>coniectura</em></strong></span> <span class='ocrx_word' id='word_1_64' title='bbox 1062 1016 1156 1078; x_wconf 83' lang='lat' dir='ltr'><strong><em>Latiis</em></strong></span> 
     </span>
     <span class='ocr_line' id='line_1_11' title="bbox 195 1100 1153 1176; baseline -0.002 -15"><span class='ocrx_word' id='word_1_65' title='bbox 195 1101 345 1174; x_wconf 78' lang='lat' dir='ltr'><strong><em>Meropem</em></strong></span> <span class='ocrx_word' id='word_1_66' title='bbox 363 1118 424 1158; x_wconf 88' lang='lat' dir='ltr'><strong><em>uon</em></strong></span> <span class='ocrx_word' id='word_1_67' title='bbox 444 1115 538 1174; x_wconf 84' lang='lat' dir='ltr'><strong><em>nego;</em></strong></span> <span class='ocrx_word' id='word_1_68' title='bbox 558 1116 630 1157; x_wconf 80' lang='lat' dir='ltr'><strong><em>vera</em></strong></span> <span class='ocrx_word' id='word_1_69' title='bbox 649 1101 701 1156; x_wconf 89' lang='lat' dir='ltr'><strong><em>aut</em></strong></span> <span class='ocrx_word' id='word_1_70' title='bbox 719 1100 896 1160; x_wconf 74' lang='lat' dir='ltr'><strong><em>verisimilia</em></strong></span> <span class='ocrx_word' id='word_1_71' title='bbox 914 1102 1075 1176; x_wconf 88' lang='lat' dir='ltr'><strong><em>protulisse</em></strong></span> <span class='ocrx_word' id='word_1_72' title='bbox 1094 1120 1153 1160; x_wconf 89' lang='lat' dir='ltr'><strong><em>eos-</em></strong></span> 
     </span>
     <span class='ocr_line' id='line_1_12' title="bbox 196 1179 1153 1260; baseline 0.001 -17"><span class='ocrx_word' id='word_1_73' title='bbox 196 1185 265 1243; x_wconf 89' lang='lat' dir='ltr'><strong><em>dem</em></strong></span> <span class='ocrx_word' id='word_1_74' title='bbox 277 1201 441 1258; x_wconf 81' lang='lat' dir='ltr'><strong><em>numquam</em></strong></span> <span class='ocrx_word' id='word_1_75' title='bbox 455 1179 621 1242; x_wconf 77' lang='lat' dir='ltr'><strong><em>concedam.</em></strong></span> <span class='ocrx_word' id='word_1_76' title='bbox 651 1181 696 1241; x_wconf 90' lang='lat' dir='ltr'><strong><em>Ae</em></strong></span> <span class='ocrx_word' id='word_1_77' title='bbox 716 1183 847 1258; x_wconf 87' lang='lat' dir='ltr'><strong><em>primum</em></strong></span> <span class='ocrx_word' id='word_1_78' title='bbox 867 1183 987 1260; x_wconf 88' lang='lat' dir='ltr'><strong><em>quidem</em></strong></span> <span class='ocrx_word' id='word_1_79' title='bbox 1006 1185 1092 1244; x_wconf 87' lang='lat' dir='ltr'><strong><em>nihili</em></strong></span> <span class='ocrx_word' id='word_1_80' title='bbox 1111 1187 1153 1243; x_wconf 84' lang='lat' dir='ltr'><strong><em>est</em></strong></span> 
     </span>
     <span class='ocr_line' id='line_1_13' title="bbox 196 1264 1153 1344; baseline 0 -19"><span class='ocrx_word' id='word_1_81' title='bbox 196 1267 276 1344; x_wconf 89' lang='lat' dir='ltr'><strong><em>quod</em></strong></span> <span class='ocrx_word' id='word_1_82' title='bbox 296 1267 368 1326; x_wconf 91' lang='lat' dir='ltr'><strong><em>dioit</em></strong></span> <span class='ocrx_word' id='word_1_83' title='bbox 383 1265 563 1325; x_wconf 80' lang='lat' dir='ltr'><strong><em>Schraderus</em></strong></span> <span class='ocrx_word' id='word_1_84' title='bbox 583 1264 698 1325; x_wconf 89' lang='lat' dir='ltr'><strong><em>emend.</em></strong></span> <span class='ocrx_word' id='word_1_85' title='bbox 720 1285 770 1342; x_wconf 85' lang='lat' dir='ltr'><strong><em>pg.</em></strong></span> <span class='ocrx_word' id='word_1_86' title='bbox 794 1268 853 1325; x_wconf 94' lang='lat'><strong><em>141</em></strong></span> <span class='ocrx_word' id='word_1_87' title='bbox 878 1271 973 1328; x_wconf 80' lang='lat' dir='ltr'><strong><em>saties</em></strong></span> <span class='ocrx_word' id='word_1_88' title='bbox 990 1287 1052 1328; x_wconf 90' lang='lat' dir='ltr'><strong><em>non</em></strong></span> <span class='ocrx_word' id='word_1_89' title='bbox 1071 1287 1153 1344; x_wconf 88' lang='lat' dir='ltr'><strong><em>posse</em></strong></span> 
     </span>
     <span class='ocr_line' id='line_1_14' title="bbox 195 1349 1151 1425; baseline -0.003 -14"><span class='ocrx_word' id='word_1_90' title='bbox 195 1350 328 1423; x_wconf 87' lang='lat' dir='ltr'><strong><em>tolerari,</em></strong></span> <span class='ocrx_word' id='word_1_91' title='bbox 352 1349 422 1425; x_wconf 90' lang='lat' dir='ltr'><strong><em>quia</em></strong></span> <span class='ocrx_word' id='word_1_92' title='bbox 435 1349 514 1424; x_wconf 88' lang='lat' dir='ltr'><strong><em>apud</em></strong></span> <span class='ocrx_word' id='word_1_93' title='bbox 529 1349 658 1424; x_wconf 84' lang='lat' dir='ltr'><strong><em>optimos</em></strong></span> <span class='ocrx_word' id='word_1_94' title='bbox 673 1351 830 1425; x_wconf 79' lang='lat' dir='ltr'><strong><em>scriptores</em></strong></span> <span class='ocrx_word' id='word_1_95' title='bbox 845 1354 906 1411; x_wconf 81' lang='lat' dir='ltr'><strong><em>ndu</em></strong></span> <span class='ocrx_word' id='word_1_96' title='bbox 921 1353 1016 1411; x_wconf 84' lang='lat' dir='ltr'><strong><em>soleat</em></strong></span> <span class='ocrx_word' id='word_1_97' title='bbox 1030 1371 1093 1412; x_wconf 87' lang='lat' dir='ltr'><strong><em>esse</em></strong></span> <span class='ocrx_word' id='word_1_98' title='bbox 1106 1352 1151 1410; x_wconf 87' lang='lat' dir='ltr'><strong><em>ad·</em></strong></span> 
     </span>
     <span class='ocr_line' id='line_1_15' title="bbox 196 1432 1150 1506; baseline -0.001 -12"><span class='ocrx_word' id='word_1_99' title='bbox 196 1435 344 1495; x_wconf 88' lang='lat' dir='ltr'><strong><em>verbinm.</em></strong></span> <span class='ocrx_word' id='word_1_100' title='bbox 374 1433 453 1492; x_wconf 87' lang='lat' dir='ltr'><strong><em>Nam</em></strong></span> <span class='ocrx_word' id='word_1_101' title='bbox 468 1435 499 1492; x_wconf 86' lang='lat' dir='ltr'><strong><em>ei</em></strong></span> <span class='ocrx_word' id='word_1_102' title='bbox 512 1432 568 1492; x_wconf 90' lang='lat' dir='ltr'><strong><em>hoo</em></strong></span> <span class='ocrx_word' id='word_1_103' title='bbox 582 1433 602 1491; x_wconf 92' lang='lat' dir='ltr'><strong><em>l.</em></strong></span> <span class='ocrx_word' id='word_1_104' title='bbox 617 1437 665 1494; x_wconf 87' lang='lat' dir='ltr'><strong><em>est</em></strong></span> <span class='ocrx_word' id='word_1_105' title='bbox 679 1435 857 1495; x_wconf 86' lang='lat' dir='ltr'><strong><em>adieetivum</em></strong></span> <span class='ocrx_word' id='word_1_106' title='bbox 873 1437 982 1496; x_wconf 88' lang='lat' dir='ltr'><strong><em>omisso</em></strong></span> <span class='ocrx_word' id='word_1_107' title='bbox 997 1441 1039 1496; x_wconf 82' lang='lat' dir='ltr'><strong><em>eat</em></strong></span> <span class='ocrx_word' id='word_1_108' title='bbox 1051 1439 1086 1494; x_wconf 84' lang='lat' dir='ltr'><strong><em>ut</em></strong></span> <span class='ocrx_word' id='word_1_109' title='bbox 1098 1435 1150 1506; x_wconf 86' lang='lat' dir='ltr'><strong><em>HI,</em></strong></span> 
     </span>
     <span class='ocr_line' id='line_1_16' title="bbox 198 1516 1151 1595; baseline -0.001 -17"><span class='ocrx_word' id='word_1_110' title='bbox 198 1521 247 1593; x_wconf 79' lang='lat'><strong><em>12,</em></strong></span> <span class='ocrx_word' id='word_1_111' title='bbox 272 1521 320 1578; x_wconf 81' lang='lat'><strong><em>19.</em></strong></span> <span class='ocrx_word' id='word_1_112' title='bbox 349 1516 454 1593; x_wconf 84' lang='lat' dir='ltr'><strong><em>Neque</em></strong></span> <span class='ocrx_word' id='word_1_113' title='bbox 475 1517 679 1578; x_wconf 87' lang='lat' dir='ltr'><strong><em>ooniunetivns</em></strong></span> <span class='ocrx_word' id='word_1_114' title='bbox 698 1518 813 1594; x_wconf 87' lang='lat' dir='ltr'><strong><em>positus</em></strong></span> <span class='ocrx_word' id='word_1_115' title='bbox 839 1520 902 1579; x_wconf 88' lang='lat' dir='ltr'><strong><em>sine</em></strong></span> <span class='ocrx_word' id='word_1_116' title='bbox 922 1521 1043 1595; x_wconf 77' lang='lat' dir='ltr'><strong><em>utplus</em></strong></span> <span class='ocrx_word' id='word_1_117' title='bbox 1067 1520 1151 1590; x_wconf 78' lang='lat' dir='ltr'><strong><em>hahet</em></strong></span> 
     </span>
     <span class='ocr_line' id='line_1_17' title="bbox 197 1599 1151 1678; baseline -0.002 -14"><span class='ocrx_word' id='word_1_118' title='bbox 197 1603 378 1676; x_wconf 85' lang='lat' dir='ltr'><strong><em>offensionis,</em></strong></span> <span class='ocrx_word' id='word_1_119' title='bbox 400 1619 490 1678; x_wconf 88' lang='lat' dir='ltr'><strong><em>quam</em></strong></span> <span class='ocrx_word' id='word_1_120' title='bbox 511 1621 557 1676; x_wconf 89' lang='lat' dir='ltr'><strong><em>ap.</em></strong></span> <span class='ocrx_word' id='word_1_121' title='bbox 574 1599 629 1661; x_wconf 80' lang='lat' dir='ltr'><strong><em>Or.</em></strong></span> <span class='ocrx_word' id='word_1_122' title='bbox 646 1621 702 1661; x_wconf 89' lang='lat' dir='ltr'><strong><em>am.</em></strong></span> <span class='ocrx_word' id='word_1_123' title='bbox 717 1601 763 1675; x_wconf 90' lang='lat' dir='ltr'><strong><em>H,</em></strong></span> <span class='ocrx_word' id='word_1_124' title='bbox 778 1603 834 1676; x_wconf 84' lang='lat'><strong><em>14,</em></strong></span> <span class='ocrx_word' id='word_1_125' title='bbox 851 1605 892 1661; x_wconf 85' lang='lat'><strong><em>44</em></strong></span> <span class='ocrx_word' id='word_1_126' title='bbox 912 1609 939 1664; x_wconf 85' lang='lat' dir='ltr'><strong><em>et</em></strong></span> <span class='ocrx_word' id='word_1_127' title='bbox 952 1607 1025 1664; x_wconf 82' lang='lat' dir='ltr'><strong><em>sotis</em></strong></span> <span class='ocrx_word' id='word_1_128' title='bbox 1039 1610 1151 1678; x_wconf 84' lang='lat' dir='ltr'><strong><em>estpoe·</em></strong></span> 
     </span>
     <span class='ocr_line' id='line_1_18' title="bbox 195 1684 1148 1762; baseline -0.005 -13"><span class='ocrx_word' id='word_1_129' title='bbox 195 1706 268 1750; x_wconf 81' lang='lat' dir='ltr'><strong><em>emm</em></strong></span> <span class='ocrx_word' id='word_1_130' title='bbox 282 1689 367 1762; x_wconf 73' lang='lat' dir='ltr'><strong><em>adpo</em></strong></span> <span class='ocrx_word' id='word_1_131' title='bbox 387 1687 515 1747; x_wconf 81' lang='lat' dir='ltr'><strong><em>seeundo</em></strong></span> <span class='ocrx_word' id='word_1_132' title='bbox 532 1684 618 1757; x_wconf 70' lang='lat' dir='ltr'><strong><em>ieret.</em></strong></span> <span class='ocrx_word' id='word_1_133' title='bbox 647 1685 783 1761; x_wconf 83' lang='lat' dir='ltr'><strong><em>Apparet</em></strong></span> <span class='ocrx_word' id='word_1_134' title='bbox 801 1690 901 1747; x_wconf 86' lang='lat' dir='ltr'><strong><em>autem</em></strong></span> <span class='ocrx_word' id='word_1_135' title='bbox 922 1688 1061 1748; x_wconf 80' lang='lat' dir='ltr'><strong><em>debuisse</em></strong></span> <span class='ocrx_word' id='word_1_136' title='bbox 1080 1689 1110 1746; x_wconf 85' lang='lat' dir='ltr'><strong><em>in</em></strong></span> <span class='ocrx_word' id='word_1_137' title='bbox 1122 1707 1148 1745; x_wconf 84' lang='lat' dir='ltr'><strong><em>v.</em></strong></span> 
     </span>
     <span class='ocr_line' id='line_1_19' title="bbox 195 1769 1149 1848; baseline -0.001 -18"><span class='ocrx_word' id='word_1_138' title='bbox 195 1773 249 1832; x_wconf 92' lang='lat' dir='ltr'><strong><em>illo</em></strong></span> <span class='ocrx_word' id='word_1_139' title='bbox 265 1773 367 1832; x_wconf 89' lang='lat' dir='ltr'><strong><em>adesse</em></strong></span> <span class='ocrx_word' id='word_1_140' title='bbox 381 1770 568 1842; x_wconf 78' lang='lat' dir='ltr'><strong><em>vocabulum,</em></strong></span> <span class='ocrx_word' id='word_1_141' title='bbox 579 1769 659 1845; x_wconf 86' lang='lat' dir='ltr'><strong><em>quod</em></strong></span> <span class='ocrx_word' id='word_1_142' title='bbox 670 1769 864 1846; x_wconf 82' lang='lat' dir='ltr'><strong><em>responderet</em></strong></span> <span class='ocrx_word' id='word_1_143' title='bbox 877 1771 919 1831; x_wconf 88' lang='lat' dir='ltr'><strong><em>eis</em></strong></span> <span class='ocrx_word' id='word_1_144' title='bbox 934 1791 1009 1848; x_wconf 85' lang='lat' dir='ltr'><strong><em>quae</em></strong></span> <span class='ocrx_word' id='word_1_145' title='bbox 1023 1772 1149 1846; x_wconf 84' lang='lat' dir='ltr'><strong><em>proxime</em></strong></span> 
     </span>
     <span class='ocr_line' id='line_1_20' title="bbox 195 1852 1149 1934; baseline -0.006 -18"><span class='ocrx_word' id='word_1_146' title='bbox 195 1857 338 1934; x_wconf 80' lang='lat' dir='ltr'><strong><em>leguntur</em></strong></span> <span class='ocrx_word' id='word_1_147' title='bbox 351 1873 413 1916; x_wconf 82' lang='lat' dir='ltr'><strong><em>mom</em></strong></span> <span class='ocrx_word' id='word_1_148' title='bbox 425 1855 522 1928; x_wconf 67' lang='lat' dir='ltr'><strong><em>inflati</em></strong></span> <span class='ocrx_word' id='word_1_149' title='bbox 534 1855 649 1914; x_wconf 83' lang='lat' dir='ltr'><strong><em>somm&#39;o</em></strong></span> <span class='ocrx_word' id='word_1_150' title='bbox 662 1852 837 1915; x_wconf 79' lang='lat' dir='ltr'><strong><em>Ouitimoelei.</em></strong></span> <span class='ocrx_word' id='word_1_151' title='bbox 858 1855 1018 1915; x_wconf 86' lang='lat' dir='ltr'><strong><em>Praeterea</em></strong></span> <span class='ocrx_word' id='word_1_152' title='bbox 1031 1854 1149 1917; x_wconf 86' lang='lat' dir='ltr'><strong><em>videnda</em></strong></span> 
     </span>
     <span class='ocr_line' id='line_1_21' title="bbox 196 1937 961 2016; baseline -0.001 -16"><span class='ocrx_word' id='word_1_153' title='bbox 196 1959 272 2016; x_wconf 86' lang='lat' dir='ltr'><strong><em>quae</em></strong></span> <span class='ocrx_word' id='word_1_154' title='bbox 287 1940 389 2000; x_wconf 88' lang='lat' dir='ltr'><strong><em>attulit</em></strong></span> <span class='ocrx_word' id='word_1_155' title='bbox 406 1937 546 2015; x_wconf 84' lang='lat' dir='ltr'><strong><em>Vngerus</em></strong></span> <span class='ocrx_word' id='word_1_156' title='bbox 561 1938 638 1997; x_wconf 85' lang='lat' dir='ltr'><strong><em>anal.</em></strong></span> <span class='ocrx_word' id='word_1_157' title='bbox 653 1937 743 2012; x_wconf 86' lang='lat' dir='ltr'><strong><em>Prop.</em></strong></span> <span class='ocrx_word' id='word_1_158' title='bbox 757 1941 828 2015; x_wconf 76' lang='lat' dir='ltr'><strong><em>pgg&#39;.</em></strong></span> <span class='ocrx_word' id='word_1_159' title='bbox 845 1941 894 1999; x_wconf 83' lang='grc'><strong><em>38.</em></strong></span> <span class='ocrx_word' id='word_1_160' title='bbox 911 1940 961 1999; x_wconf 85' lang='grc'><strong><em>39.</em></strong></span> 
     </span>
    </p>

    <p class='ocr_par' dir='ltr' id='par_1_5' title="bbox 196 2021 1148 2266">
     <span class='ocr_line' id='line_1_22' title="bbox 259 2021 1148 2096; baseline -0.002 -14"><span class='ocrx_word' id='word_1_161' title='bbox 259 2025 300 2084; x_wconf 93' lang='lat' dir='ltr'><strong><em>ib.</em></strong></span> <span class='ocrx_word' id='word_1_162' title='bbox 316 2024 357 2084; x_wconf 85' lang='lat'><strong><em>34</em></strong></span> <span class='ocrx_word' id='word_1_163' title='bbox 376 2027 469 2084; x_wconf 73' lang='lat' dir='ltr'><strong><em>tamma</em></strong></span> <span class='ocrx_word' id='word_1_164' title='bbox 488 2021 644 2095; x_wconf 87' lang='lat' dir='ltr'><strong><em>Heinsius,</em></strong></span> <span class='ocrx_word' id='word_1_165' title='bbox 664 2021 853 2096; x_wconf 74' lang='lat' dir='ltr'><strong><em>festmNG,</em></strong></span> <span class='ocrx_word' id='word_1_166' title='bbox 874 2023 985 2095; x_wconf 73' lang='lat' dir='ltr'><strong><em>frames</em></strong></span> <span class='ocrx_word' id='word_1_167' title='bbox 1004 2043 1034 2084; x_wconf 88' lang='lat' dir='ltr'><strong><em>v.</em></strong></span> <span class='ocrx_word' id='word_1_168' title='bbox 1055 2026 1148 2083; x_wconf 84' lang='lat' dir='ltr'><strong><em>eontra</em></strong></span> 
     </span>
     <span class='ocr_line' id='line_1_23' title="bbox 196 2105 1146 2182; baseline -0.001 -17"><span class='ocrx_word' id='word_1_169' title='bbox 196 2126 285 2167; x_wconf 88' lang='lat' dir='ltr'><strong><em>nsum</em></strong></span> <span class='ocrx_word' id='word_1_170' title='bbox 305 2109 501 2182; x_wconf 80' lang='lat' dir='ltr'><strong><em>erotioorum3</em></strong></span> <span class='ocrx_word' id='word_1_171' title='bbox 518 2106 555 2166; x_wconf 87' lang='lat' dir='ltr'><strong><em>ef.</em></strong></span> <span class='ocrx_word' id='word_1_172' title='bbox 576 2125 602 2166; x_wconf 86' lang='lat' dir='ltr'><strong><em>s.</em></strong></span> <span class='ocrx_word' id='word_1_173' title='bbox 617 2123 662 2182; x_wconf 81' lang='lat' dir='ltr'><strong><em>gr.</em></strong></span> <span class='ocrx_word' id='word_1_174' title='bbox 678 2105 767 2182; x_wconf 90' lang='lat' dir='ltr'><strong><em>Prop.</em></strong></span> <span class='ocrx_word' id='word_1_175' title='bbox 783 2105 807 2181; x_wconf 91' lang='lat' dir='ltr'><strong><em>I,</em></strong></span> <span class='ocrx_word' id='word_1_176' title='bbox 826 2110 853 2180; x_wconf 90' lang='lat'><strong><em>1,</em></strong></span> <span class='ocrx_word' id='word_1_177' title='bbox 869 2107 898 2166; x_wconf 76' lang='grc'><strong><em>2.</em></strong></span> <span class='ocrx_word' id='word_1_178' title='bbox 920 2109 949 2181; x_wconf 87' lang='grc'><strong><em>9,</em></strong></span> <span class='ocrx_word' id='word_1_179' title='bbox 968 2107 1106 2182; x_wconf 77' lang='lat'>1731111,</span> <span class='ocrx_word' id='word_1_180' title='bbox 1122 2108 1146 2180; x_wconf 81' lang='grc'><strong><em>7,</em></strong></span> 
     </span>
     <span class='ocr_line' id='line_1_24' title="bbox 197 2189 544 2266; baseline -0.009 -15"><span class='ocrx_word' id='word_1_181' title='bbox 197 2193 254 2266; x_wconf 75' lang='lat'><strong><em>683</em></strong></span> <span class='ocrx_word' id='word_1_182' title='bbox 269 2189 324 2251; x_wconf 79' lang='lat' dir='ltr'><strong><em>Or.</em></strong></span> <span class='ocrx_word' id='word_1_183' title='bbox 341 2210 398 2249; x_wconf 86' lang='lat' dir='ltr'><strong><em>am.</em></strong></span> <span class='ocrx_word' id='word_1_184' title='bbox 413 2191 454 2264; x_wconf 93' lang='grc' dir='ltr'><strong><em>Π,</em></strong></span> <span class='ocrx_word' id='word_1_185' title='bbox 472 2194 499 2264; x_wconf 92' lang='grc'><strong><em>1,</em></strong></span> <span class='ocrx_word' id='word_1_186' title='bbox 516 2193 544 2249; x_wconf 89' lang='grc'><strong><em>6.</em></strong></span> 
     </span>
    </p>

    <p class='ocr_par' dir='ltr' id='par_1_6' title="bbox 190 2272 1149 3444">
     <span class='ocr_line' id='line_1_25' title="bbox 260 2272 1147 2346; baseline 0.003 -14"><span class='ocrx_word' id='word_1_187' title='bbox 260 2274 301 2332; x_wconf 90' lang='lat' dir='ltr'><strong><em>ib.</em></strong></span> <span class='ocrx_word' id='word_1_188' title='bbox 317 2275 372 2346; x_wconf 85' lang='lat'><strong><em>39,</em></strong></span> <span class='ocrx_word' id='word_1_189' title='bbox 388 2275 438 2333; x_wconf 90' lang='grc'><strong><em>40.</em></strong></span> <span class='ocrx_word' id='word_1_190' title='bbox 462 2272 554 2332; x_wconf 79' lang='lat' dir='ltr'><strong><em>(lodd.</em></strong></span> <span class='ocrx_word' id='word_1_191' title='bbox 578 2275 685 2335; x_wconf 79' lang='lat' dir='ltr'><strong><em>sinceri</em></strong></span> <span class='ocrx_word' id='word_1_192' title='bbox 706 2275 817 2336; x_wconf 85' lang='lat' dir='ltr'><strong><em>habent</em></strong></span> <span class='ocrx_word' id='word_1_193' title='bbox 831 2276 893 2336; x_wconf 89' lang='lat' dir='ltr'><strong><em>sine</em></strong></span> <span class='ocrx_word' id='word_1_194' title='bbox 907 2279 1004 2338; x_wconf 87' lang='lat' dir='ltr'><strong><em>metro</em></strong></span> <span class='ocrx_word' id='word_1_195' title='bbox 1019 2295 1081 2338; x_wconf 84' lang='lat' dir='ltr'><strong><em>mom</em></strong></span> <span class='ocrx_word' id='word_1_196' title='bbox 1093 2293 1147 2336; x_wconf 88' lang='lat' dir='ltr'><strong><em>om·</em></strong></span> 
     </span>
     <span class='ocr_line' id='line_1_26' title="bbox 190 2354 1147 2439; baseline 0.001 -20"><span class='ocrx_word' id='word_1_197' title='bbox 190 2361 332 2436; x_wconf 83' lang='lat' dir='ltr'><strong><em>ptiereoe</em></strong></span> <span class='ocrx_word' id='word_1_198' title='bbox 353 2354 565 2434; x_wconf 59' lang='lat' dir='ltr'><strong><em>(amplioreque</em></strong></span> <span class='ocrx_word' id='word_1_199' title='bbox 583 2357 626 2435; x_wconf 87' lang='lat' dir='ltr'><strong><em>N)</em></strong></span> <span class='ocrx_word' id='word_1_200' title='bbox 643 2363 760 2434; x_wconf 80' lang='lat' dir='ltr'><strong><em>prosint</em></strong></span> <span class='ocrx_word' id='word_1_201' title='bbox 782 2358 843 2437; x_wconf 83' lang='lat' dir='ltr'><strong><em>(vel</em></strong></span> <span class='ocrx_word' id='word_1_202' title='bbox 857 2359 998 2439; x_wconf 77' lang='lat' dir='ltr'><strong><em>proemii)</em></strong></span> <span class='ocrx_word' id='word_1_203' title='bbox 1018 2362 1073 2423; x_wconf 87' lang='lat' dir='ltr'><strong><em>titi</em></strong></span> <span class='ocrx_word' id='word_1_204' title='bbox 1091 2361 1147 2433; x_wconf 73' lang='lat' dir='ltr'><strong><em>sote</em></strong></span> 
     </span>
     <span class='ocr_line' id='line_1_27' title="bbox 196 2441 1147 2520; baseline -0.002 -17"><span class='ocrx_word' id='word_1_205' title='bbox 196 2443 363 2519; x_wconf 77' lang='lat' dir='ltr'><strong><em>qaedeipoe.</em></strong></span> <span class='ocrx_word' id='word_1_206' title='bbox 390 2441 427 2500; x_wconf 92' lang='lat' dir='ltr'><strong><em>In</em></strong></span> <span class='ocrx_word' id='word_1_207' title='bbox 446 2442 581 2516; x_wconf 87' lang='lat' dir='ltr'><strong><em>proximo</em></strong></span> <span class='ocrx_word' id='word_1_208' title='bbox 603 2446 702 2502; x_wconf 88' lang='lat' dir='ltr'><strong><em>autem</em></strong></span> <span class='ocrx_word' id='word_1_209' title='bbox 728 2465 757 2504; x_wconf 86' lang='lat' dir='ltr'><strong><em>v.</em></strong></span> <span class='ocrx_word' id='word_1_210' title='bbox 777 2444 853 2503; x_wconf 88' lang='lat' dir='ltr'><strong><em>illud</em></strong></span> <span class='ocrx_word' id='word_1_211' title='bbox 870 2459 978 2520; x_wconf 82' lang='lat' dir='ltr'><strong><em>mopmo</em></strong></span> <span class='ocrx_word' id='word_1_212' title='bbox 998 2462 1057 2505; x_wconf 90' lang='lat' dir='ltr'><strong><em>om.</em></strong></span> <span class='ocrx_word' id='word_1_213' title='bbox 1079 2444 1147 2505; x_wconf 84' lang='lat' dir='ltr'><strong><em>Get</em></strong></span> 
     </span>
     <span class='ocr_line' id='line_1_28' title="bbox 195 2524 1146 2604; baseline -0.001 -17"><span class='ocrx_word' id='word_1_214' title='bbox 195 2528 270 2604; x_wconf 83' lang='lat' dir='ltr'><strong><em>Reg.</em></strong></span> <span class='ocrx_word' id='word_1_215' title='bbox 308 2526 368 2587; x_wconf 83' lang='lat' dir='ltr'><strong><em>Sed</em></strong></span> <span class='ocrx_word' id='word_1_216' title='bbox 388 2528 506 2603; x_wconf 86' lang='lat' dir='ltr'><strong><em>praeter</em></strong></span> <span class='ocrx_word' id='word_1_217' title='bbox 525 2524 672 2601; x_wconf 88' lang='lat' dir='ltr'><strong><em>optimum</em></strong></span> <span class='ocrx_word' id='word_1_218' title='bbox 690 2526 801 2587; x_wconf 88' lang='lat' dir='ltr'><strong><em>librum</em></strong></span> <span class='ocrx_word' id='word_1_219' title='bbox 821 2529 885 2604; x_wconf 91' lang='lat' dir='ltr'><strong><em>ipse</em></strong></span> <span class='ocrx_word' id='word_1_220' title='bbox 904 2529 960 2588; x_wconf 87' lang='lat' dir='ltr'><strong><em>hoo</em></strong></span> <span class='ocrx_word' id='word_1_221' title='bbox 978 2529 1146 2589; x_wconf 80' lang='lat' dir='ltr'><strong><em>uocabulum</em></strong></span> 
     </span>
     <span class='ocr_line' id='line_1_29' title="bbox 196 2610 1146 2688; baseline -0.001 -18"><span class='ocrx_word' id='word_1_222' title='bbox 196 2613 313 2671; x_wconf 88' lang='lat' dir='ltr'><strong><em>tutatur</em></strong></span> <span class='ocrx_word' id='word_1_223' title='bbox 337 2611 527 2688; x_wconf 59' lang='lat' dir='ltr'><strong><em>Propertium</em></strong></span> <span class='ocrx_word' id='word_1_224' title='bbox 556 2610 600 2670; x_wconf 57' lang='lat' dir='ltr'><strong><em>of:</em></strong></span> <span class='ocrx_word' id='word_1_225' title='bbox 619 2610 681 2685; x_wconf 93' lang='grc' dir='ltr'><strong><em>ΠΙ,</em></strong></span> <span class='ocrx_word' id='word_1_226' title='bbox 709 2613 764 2685; x_wconf 79' lang='lat'><strong><em>32,</em></strong></span> <span class='ocrx_word' id='word_1_227' title='bbox 787 2613 835 2672; x_wconf 84' lang='lat'><strong><em>60.</em></strong></span> <span class='ocrx_word' id='word_1_228' title='bbox 864 2613 928 2671; x_wconf 90' lang='lat' dir='ltr'><strong><em>Iam</em></strong></span> <span class='ocrx_word' id='word_1_229' title='bbox 948 2612 1146 2674; x_wconf 78' lang='lat' dir='ltr'><strong><em>Lachmannus</em></strong></span> 
     </span>
     <span class='ocr_line' id='line_1_30' title="bbox 197 2693 1147 2772; baseline -0.003 -15"><span class='ocrx_word' id='word_1_230' title='bbox 197 2695 316 2772; x_wconf 75' lang='lat' dir='ltr'><strong><em>scripsit</em></strong></span> <span class='ocrx_word' id='word_1_231' title='bbox 330 2713 392 2756; x_wconf 83' lang='lat' dir='ltr'><strong><em>mom</em></strong></span> <span class='ocrx_word' id='word_1_232' title='bbox 405 2713 515 2772; x_wconf 76' lang='lat' dir='ltr'><strong><em>mopere</em></strong></span> <span class='ocrx_word' id='word_1_233' title='bbox 528 2693 744 2769; x_wconf 78' lang='lat' dir='ltr'><strong><em>Ampieaeaeae</em></strong></span> <span class='ocrx_word' id='word_1_234' title='bbox 752 2703 879 2770; x_wconf 74' lang='lat' dir='ltr'><strong><em>prosunt</em></strong></span> <span class='ocrx_word' id='word_1_235' title='bbox 892 2699 946 2757; x_wconf 87' lang='lat' dir='ltr'><strong><em>titi</em></strong></span> <span class='ocrx_word' id='word_1_236' title='bbox 959 2698 1024 2768; x_wconf 79' lang='lat' dir='ltr'><strong><em>foto</em></strong></span> <span class='ocrx_word' id='word_1_237' title='bbox 1038 2697 1147 2771; x_wconf 75' lang='lat' dir='ltr'><strong><em>quadri</em></strong></span> 
     </span>
     <span class='ocr_line' id='line_1_31' title="bbox 194 2778 1148 2857; baseline -0.003 -15"><span class='ocrx_word' id='word_1_238' title='bbox 194 2799 250 2857; x_wconf 81' lang='lat' dir='ltr'><strong><em>poe</em></strong></span> <span class='ocrx_word' id='word_1_239' title='bbox 264 2785 316 2842; x_wconf 78' lang='lat' dir='ltr'><strong><em>aet</em></strong></span> <span class='ocrx_word' id='word_1_240' title='bbox 332 2778 463 2855; x_wconf 77' lang='lat' dir='ltr'><strong><em>Oopemei</em></strong></span> <span class='ocrx_word' id='word_1_241' title='bbox 474 2785 561 2855; x_wconf 82' lang='lat' dir='ltr'><strong><em>preto</em></strong></span> <span class='ocrx_word' id='word_1_242' title='bbox 574 2781 665 2840; x_wconf 79' lang='lat' dir='ltr'><strong><em>reims</em></strong></span> <span class='ocrx_word' id='word_1_243' title='bbox 677 2780 752 2848; x_wconf 80' lang='lat' dir='ltr'><strong><em>Iovi,</em></strong></span> <span class='ocrx_word' id='word_1_244' title='bbox 773 2781 932 2840; x_wconf 87' lang='lat' dir='ltr'><strong><em>durissimo</em></strong></span> <span class='ocrx_word' id='word_1_245' title='bbox 947 2785 1044 2841; x_wconf 89' lang='lat' dir='ltr'><strong><em>metro</em></strong></span> <span class='ocrx_word' id='word_1_246' title='bbox 1059 2801 1092 2840; x_wconf 88' lang='lat' dir='ltr'><strong><em>ae</em></strong></span> <span class='ocrx_word' id='word_1_247' title='bbox 1104 2781 1148 2839; x_wconf 83' lang='lat' dir='ltr'><strong><em>vix</em></strong></span> 
     </span>
     <span class='ocr_line' id='line_1_32' title="bbox 196 2863 1148 2943; baseline -0.001 -19"><span class='ocrx_word' id='word_1_248' title='bbox 196 2867 274 2943; x_wconf 85' lang='lat' dir='ltr'><strong><em>ullo;</em></strong></span> <span class='ocrx_word' id='word_1_249' title='bbox 296 2868 377 2926; x_wconf 78' lang='lat' dir='ltr'><strong><em>uerte</em></strong></span> <span class='ocrx_word' id='word_1_250' title='bbox 391 2865 496 2924; x_wconf 87' lang='lat' dir='ltr'><strong><em>similis</em></strong></span> <span class='ocrx_word' id='word_1_251' title='bbox 510 2863 597 2922; x_wconf 89' lang='lat' dir='ltr'><strong><em>huius</em></strong></span> <span class='ocrx_word' id='word_1_252' title='bbox 616 2864 787 2923; x_wconf 80' lang='lat' dir='ltr'><strong><em>hexameter</em></strong></span> <span class='ocrx_word' id='word_1_253' title='bbox 800 2883 846 2940; x_wconf 89' lang='lat' dir='ltr'><strong><em>ap.</em></strong></span> <span class='ocrx_word' id='word_1_254' title='bbox 862 2865 952 2942; x_wconf 89' lang='lat' dir='ltr'><strong><em>Prop.</em></strong></span> <span class='ocrx_word' id='word_1_255' title='bbox 966 2883 1028 2926; x_wconf 90' lang='lat' dir='ltr'><strong><em>non</em></strong></span> <span class='ocrx_word' id='word_1_256' title='bbox 1041 2865 1148 2926; x_wconf 84' lang='lat' dir='ltr'><strong><em>iuveni·</em></strong></span> 
     </span>
     <span class='ocr_line' id='line_1_33' title="bbox 196 2947 1149 3026; baseline -0.001 -18"><span class='ocrx_word' id='word_1_257' title='bbox 196 2954 255 3008; x_wconf 85' lang='lat' dir='ltr'><strong><em>tur.</em></strong></span> <span class='ocrx_word' id='word_1_258' title='bbox 285 2949 347 3010; x_wconf 85' lang='lat' dir='ltr'><strong><em>Alii</em></strong></span> <span class='ocrx_word' id='word_1_259' title='bbox 367 2969 425 3026; x_wconf 87' lang='lat' dir='ltr'><strong><em>quo</em></strong></span> <span class='ocrx_word' id='word_1_260' title='bbox 446 2949 600 3008; x_wconf 87' lang='lat' dir='ltr'><strong><em>mollirent</em></strong></span> <span class='ocrx_word' id='word_1_261' title='bbox 618 2965 772 3021; x_wconf 89' lang='lat' dir='ltr'><strong><em>numeros,</em></strong></span> <span class='ocrx_word' id='word_1_262' title='bbox 793 2967 918 3024; x_wconf 85' lang='lat' dir='ltr'><strong><em>posuere</em></strong></span> <span class='ocrx_word' id='word_1_263' title='bbox 938 2968 969 3009; x_wconf 86' lang='lat' dir='ltr'><strong><em>m.</em></strong></span> <span class='ocrx_word' id='word_1_264' title='bbox 991 2968 1029 3008; x_wconf 85' lang='lat' dir='ltr'><strong><em>m.</em></strong></span> <span class='ocrx_word' id='word_1_265' title='bbox 1050 2947 1088 3008; x_wconf 81' lang='lat' dir='ltr'><strong><em>A.</em></strong></span> <span class='ocrx_word' id='word_1_266' title='bbox 1103 2949 1149 3008; x_wconf 85' lang='lat' dir='ltr'><strong><em>titi</em></strong></span> 
     </span>
     <span class='ocr_line' id='line_1_34' title="bbox 196 3031 1147 3109; baseline -0.003 -17"><span class='ocrx_word' id='word_1_267' title='bbox 196 3033 262 3104; x_wconf 74' lang='lat' dir='ltr'><strong><em>fate</em></strong></span> <span class='ocrx_word' id='word_1_268' title='bbox 281 3036 441 3109; x_wconf 76' lang='lat' dir='ltr'><strong><em>qaamipae</em></strong></span> <span class='ocrx_word' id='word_1_269' title='bbox 454 3035 571 3108; x_wconf 83' lang='lat' dir='ltr'><strong><em>prosim</em></strong></span> <span class='ocrx_word' id='word_1_270' title='bbox 589 3035 775 3108; x_wconf 79' lang='lat' dir='ltr'><strong><em>pentametro</em></strong></span> <span class='ocrx_word' id='word_1_271' title='bbox 796 3034 843 3092; x_wconf 87' lang='lat' dir='ltr'><strong><em>sat</em></strong></span> <span class='ocrx_word' id='word_1_272' title='bbox 856 3033 969 3092; x_wconf 86' lang='lat' dir='ltr'><strong><em>elambi</em></strong></span> <span class='ocrx_word' id='word_1_273' title='bbox 983 3036 1015 3093; x_wconf 85' lang='lat' dir='ltr'><strong><em>et</em></strong></span> <span class='ocrx_word' id='word_1_274' title='bbox 1027 3031 1147 3108; x_wconf 87' lang='lat' dir='ltr'><strong><em>exempli</em></strong></span> 
     </span>
     <span class='ocr_line' id='line_1_35' title="bbox 198 3115 1146 3194; baseline -0.003 -18"><span class='ocrx_word' id='word_1_275' title='bbox 198 3117 277 3176; x_wconf 89' lang='lat' dir='ltr'><strong><em>oerte</em></strong></span> <span class='ocrx_word' id='word_1_276' title='bbox 291 3117 352 3174; x_wconf 86' lang='lat' dir='ltr'><strong><em>rari</em></strong></span> <span class='ocrx_word' id='word_1_277' title='bbox 365 3117 546 3177; x_wconf 83' lang='lat' dir='ltr'><strong><em>hexametro.</em></strong></span> <span class='ocrx_word' id='word_1_278' title='bbox 577 3115 701 3177; x_wconf 82' lang='lat' dir='ltr'><strong><em>Constat</em></strong></span> <span class='ocrx_word' id='word_1_279' title='bbox 715 3133 784 3176; x_wconf 88' lang='lat' dir='ltr'><strong><em>sane</em></strong></span> <span class='ocrx_word' id='word_1_280' title='bbox 798 3117 902 3193; x_wconf 86' lang='lat' dir='ltr'><strong><em>peritis</em></strong></span> <span class='ocrx_word' id='word_1_281' title='bbox 918 3116 1075 3194; x_wconf 86' lang='lat' dir='ltr'><strong><em>aliquando</em></strong></span> <span class='ocrx_word' id='word_1_282' title='bbox 1090 3135 1146 3175; x_wconf 87' lang='lat' dir='ltr'><strong><em>ver-</em></strong></span> 
     </span>
     <span class='ocr_line' id='line_1_36' title="bbox 199 3198 1146 3276; baseline -0.003 -15"><span class='ocrx_word' id='word_1_283' title='bbox 199 3219 249 3261; x_wconf 85' lang='lat' dir='ltr'><strong><em>sus</em></strong></span> <span class='ocrx_word' id='word_1_284' title='bbox 263 3198 411 3275; x_wconf 89' lang='lat' dir='ltr'><strong><em>Propertii</em></strong></span> <span class='ocrx_word' id='word_1_285' title='bbox 425 3201 557 3261; x_wconf 75' lang='lat' dir='ltr'><strong><em>traiectis</em></strong></span> <span class='ocrx_word' id='word_1_286' title='bbox 571 3201 723 3261; x_wconf 79' lang='lat' dir='ltr'><strong><em>vocabulis</em></strong></span> <span class='ocrx_word' id='word_1_287' title='bbox 738 3219 802 3260; x_wconf 84' lang='lat' dir='ltr'><strong><em>esse</em></strong></span> <span class='ocrx_word' id='word_1_288' title='bbox 817 3201 976 3276; x_wconf 81' lang='lat' dir='ltr'><strong><em>sanand0s3</em></strong></span> <span class='ocrx_word' id='word_1_289' title='bbox 997 3219 1087 3276; x_wconf 90' lang='lat' dir='ltr'><strong><em>qnare</em></strong></span> <span class='ocrx_word' id='word_1_290' title='bbox 1099 3217 1146 3259; x_wconf 88' lang='lat' dir='ltr'><strong><em>neo</em></strong></span> 
     </span>
     <span class='ocr_line' id='line_1_37' title="bbox 197 3284 1146 3360; baseline 0 -17"><span class='ocrx_word' id='word_1_291' title='bbox 197 3284 255 3360; x_wconf 88' lang='lat' dir='ltr'><strong><em>ipsi</em></strong></span> <span class='ocrx_word' id='word_1_292' title='bbox 275 3301 418 3346; x_wconf 75' lang='lat' dir='ltr'><strong><em>¹veremur</em></strong></span> <span class='ocrx_word' id='word_1_293' title='bbox 443 3302 478 3342; x_wconf 86' lang='lat' dir='ltr'><strong><em>eo</em></strong></span> <span class='ocrx_word' id='word_1_294' title='bbox 503 3286 550 3342; x_wconf 88' lang='lat' dir='ltr'><strong><em>uti</em></strong></span> <span class='ocrx_word' id='word_1_295' title='bbox 574 3285 720 3358; x_wconf 87' lang='lat' dir='ltr'><strong><em>remedio,</em></strong></span> <span class='ocrx_word' id='word_1_296' title='bbox 747 3284 913 3345; x_wconf 88' lang='lat' dir='ltr'><strong><em>adhibendo</em></strong></span> <span class='ocrx_word' id='word_1_297' title='bbox 938 3289 1040 3344; x_wconf 86' lang='lat' dir='ltr'><strong><em>tamen</em></strong></span> <span class='ocrx_word' id='word_1_298' title='bbox 1059 3285 1146 3344; x_wconf 90' lang='lat' dir='ltr'><strong><em>lenius</em></strong></span> 
     </span>
     <span class='ocr_line' id='line_1_38' title="bbox 197 3366 862 3444; baseline 0.002 -19"><span class='ocrx_word' id='word_1_299' title='bbox 197 3387 287 3442; x_wconf 88' lang='lat' dir='ltr'><strong><em>qnam</em></strong></span> <span class='ocrx_word' id='word_1_300' title='bbox 303 3385 320 3424; x_wconf 86' lang='lat' dir='ltr'><strong><em>a</em></strong></span> <span class='ocrx_word' id='word_1_301' title='bbox 333 3366 483 3440; x_wconf 88' lang='lat' dir='ltr'><strong><em>prioribus</em></strong></span> <span class='ocrx_word' id='word_1_302' title='bbox 497 3367 618 3424; x_wconf 86' lang='lat' dir='ltr'><strong><em>foetum.</em></strong></span> <span class='ocrx_word' id='word_1_303' title='bbox 648 3369 862 3444; x_wconf 87' lang='lat' dir='ltr'><strong><em>Reponendum</em></strong></span> 
     </span>
    </p>

    <p class='ocr_par' dir='ltr' id='par_1_7' title="bbox 281 3447 1021 3527">
     <span class='ocr_line' id='line_1_39' title="bbox 281 3447 1021 3527; baseline 0.001 -17"><span class='ocrx_word' id='word_1_304' title='bbox 281 3468 342 3510; x_wconf 91' lang='lat' dir='ltr'><strong><em>non</em></strong></span> <span class='ocrx_word' id='word_1_305' title='bbox 358 3447 413 3506; x_wconf 84' lang='lat' dir='ltr'><strong><em>tibi</em></strong></span> <span class='ocrx_word' id='word_1_306' title='bbox 427 3447 588 3524; x_wconf 78' lang='lat' dir='ltr'><strong><em>quadrigae</em></strong></span> <span class='ocrx_word' id='word_1_307' title='bbox 603 3452 722 3524; x_wconf 86' lang='lat' dir='ltr'><strong><em>prosint</em></strong></span> <span class='ocrx_word' id='word_1_308' title='bbox 735 3451 796 3510; x_wconf 88' lang='lat' dir='ltr'><strong><em>fata</em></strong></span> <span class='ocrx_word' id='word_1_309' title='bbox 809 3451 1021 3527; x_wconf 86' lang='lat' dir='ltr'><strong><em>Amphiareae;</em></strong></span> 
     </span>
    </p>
   </div>
   <div class='ocr_carea' id='block_1_3' title="bbox 0 0 1236 4020">
    <p class='ocr_par' dir='ltr' id='par_1_8' title="bbox 0 0 1236 4020">
     <span class='ocr_line' id='line_1_40' title="bbox 0 0 1236 4020; baseline 0 0"><span class='ocrx_word' id='word_1_310' title='bbox 0 0 1236 4020; x_wconf 95' lang='lat' dir='ltr'><strong><em> </em></strong></span> 
     </span>
    </p>
   </div>
  </div>
 </body>
</html>
