<?xml version="1.0" encoding="UTF-8"?>
<!DOCTYPE html PUBLIC "-//W3C//DTD XHTML 1.0 Transitional//EN"
    "http://www.w3.org/TR/xhtml1/DTD/xhtml1-transitional.dtd">
<html xmlns="http://www.w3.org/1999/xhtml" xml:lang="en" lang="en">
 <head>
  <title>
</title>
<meta http-equiv="Content-Type" content="text/html;charset=utf-8" />
  <meta name='ocr-system' content='tesseract 3.04.00' />
  <meta name='ocr-capabilities' content='ocr_page ocr_carea ocr_par ocr_line ocrx_word'/>
</head>
<body>
  <div class='ocr_page' id='page_1' title='image "./catvllitibvllip00priagoog_0303.png"; bbox 0 0 2468 4036; ppageno 0'>
   <div class='ocr_carea' id='block_1_1' title="bbox 32 287 629 362">
    <p class='ocr_par' dir='ltr' id='par_1_1' title="bbox 32 287 629 362">
     <span class='ocr_line' id='line_1_1' title="bbox 32 287 629 362; baseline -0.003 -16"><span class='ocrx_word' id='word_1_1' title='bbox 32 341 33 346; x_wconf 9' lang='grc' dir='ltr'><strong><em>Ν</em></strong></span> <span class='ocrx_word' id='word_1_2' title='bbox 53 293 117 362; x_wconf 74' lang='lat' dir='ltr'><strong>r]</strong></span> <span class='ocrx_word' id='word_1_3' title='bbox 451 287 560 345; x_wconf 74' lang='lat' dir='ltr'><strong>amara</strong></span> <span class='ocrx_word' id='word_1_4' title='bbox 581 289 629 344; x_wconf 88' lang='lat'>111.</span> 
     </span>
    </p>
   </div>
   <div class='ocr_carea' id='block_1_2' title="bbox 38 451 1029 2477">
    <p class='ocr_par' dir='ltr' id='par_1_2' title="bbox 38 451 1029 2477">
     <span class='ocr_line' id='line_1_2' title="bbox 38 451 1029 537; baseline -0.007 -18"><span class='ocrx_word' id='word_1_5' title='bbox 38 453 232 520; x_wconf 88' lang='lat' dir='ltr'><strong>Armenias</strong></span> <span class='ocrx_word' id='word_1_6' title='bbox 254 451 354 537; x_wconf 82' lang='lat' dir='ltr'><strong>tigres</strong></span> <span class='ocrx_word' id='word_1_7' title='bbox 377 453 409 515; x_wconf 84' lang='lat' dir='ltr'><strong>et</strong></span> <span class='ocrx_word' id='word_1_8' title='bbox 429 451 532 515; x_wconf 86' lang='lat' dir='ltr'><strong>fulvas</strong></span> <span class='ocrx_word' id='word_1_9' title='bbox 554 451 609 515; x_wconf 90' lang='lat' dir='ltr'><strong>ille</strong></span> <span class='ocrx_word' id='word_1_10' title='bbox 631 451 756 516; x_wconf 86' lang='lat' dir='ltr'><strong>leaenas</strong></span> <span class='ocrx_word' id='word_1_11' title='bbox 996 461 1029 512; x_wconf 81' lang='lat'><strong>15</strong></span> 
     </span>
     <span class='ocr_line' id='line_1_3' title="bbox 98 535 802 602; baseline 0 0"><span class='ocrx_word' id='word_1_12' title='bbox 98 537 194 602; x_wconf 81' lang='lat' dir='ltr'><strong>Vicit</strong></span> <span class='ocrx_word' id='word_1_13' title='bbox 215 538 248 600; x_wconf 85' lang='lat' dir='ltr'><strong>et</strong></span> <span class='ocrx_word' id='word_1_14' title='bbox 267 535 434 600; x_wconf 75' lang='lat' dir='ltr'><strong>indomitis</strong></span> <span class='ocrx_word' id='word_1_15' title='bbox 456 535 567 600; x_wconf 86' lang='lat' dir='ltr'><strong>mollia</strong></span> <span class='ocrx_word' id='word_1_16' title='bbox 589 536 685 600; x_wconf 88' lang='lat' dir='ltr'><strong>corda</strong></span> <span class='ocrx_word' id='word_1_17' title='bbox 706 535 802 602; x_wconf 86' lang='lat' dir='ltr'><strong>dedit.</strong></span> 
     </span>
     <span class='ocr_line' id='line_1_4' title="bbox 45 618 959 704; baseline -0.003 -17"><span class='ocrx_word' id='word_1_18' title='bbox 45 623 151 688; x_wconf 86' lang='lat' dir='ltr'><strong>Haec</strong></span> <span class='ocrx_word' id='word_1_19' title='bbox 172 621 275 686; x_wconf 87' lang='lat' dir='ltr'><strong>Amor</strong></span> <span class='ocrx_word' id='word_1_20' title='bbox 297 623 330 684; x_wconf 86' lang='lat' dir='ltr'><strong>et</strong></span> <span class='ocrx_word' id='word_1_21' title='bbox 350 620 471 686; x_wconf 87' lang='lat' dir='ltr'><strong>maiora</strong></span> <span class='ocrx_word' id='word_1_22' title='bbox 492 619 585 684; x_wconf 87' lang='lat' dir='ltr'><strong>valet.</strong></span> <span class='ocrx_word' id='word_1_23' title='bbox 619 619 675 684; x_wconf 85' lang='lat' dir='ltr'><strong>sed</strong></span> <span class='ocrx_word' id='word_1_24' title='bbox 696 619 818 704; x_wconf 86' lang='lat' dir='ltr'><strong>poscite</strong></span> <span class='ocrx_word' id='word_1_25' title='bbox 840 618 959 684; x_wconf 85' lang='lat' dir='ltr'><strong>Bacchi</strong></span> 
     </span>
     <span class='ocr_line' id='line_1_5' title="bbox 99 703 928 792; baseline -0.004 -22"><span class='ocrx_word' id='word_1_26' title='bbox 99 707 258 792; x_wconf 75' lang='lat' dir='ltr'><strong>Munere:⁸</strong></span> <span class='ocrx_word' id='word_1_27' title='bbox 278 726 371 788; x_wconf 88' lang='lat' dir='ltr'><strong>quem</strong></span> <span class='ocrx_word' id='word_1_28' title='bbox 392 706 533 769; x_wconf 84' lang='lat' dir='ltr'><strong>vestrum</strong></span> <span class='ocrx_word' id='word_1_29' title='bbox 554 703 670 788; x_wconf 88' lang='lat' dir='ltr'><strong>pocula</strong></span> <span class='ocrx_word' id='word_1_30' title='bbox 692 705 776 768; x_wconf 89' lang='lat' dir='ltr'><strong>sicea</strong></span> <span class='ocrx_word' id='word_1_31' title='bbox 796 705 928 768; x_wconf 79' lang='lat' dir='ltr'><strong>iuvant?</strong></span> 
     </span>
     <span class='ocr_line' id='line_1_6' title="bbox 49 787 895 873; baseline -0.005 -17"><span class='ocrx_word' id='word_1_32' title='bbox 49 789 224 856; x_wconf 83' lang='lat' dir='ltr'><strong>Convenit</strong></span> <span class='ocrx_word' id='word_1_33' title='bbox 246 811 284 854; x_wconf 86' lang='lat' dir='ltr'><strong>ex</strong></span> <span class='ocrx_word' id='word_1_34' title='bbox 306 810 407 873; x_wconf 89' lang='lat' dir='ltr'><strong>aequo</strong></span> <span class='ocrx_word' id='word_1_35' title='bbox 429 811 489 854; x_wconf 94' lang='lat' dir='ltr'><strong>nec</strong></span> <span class='ocrx_word' id='word_1_36' title='bbox 509 791 619 853; x_wconf 87' lang='lat' dir='ltr'><strong>torvus</strong></span> <span class='ocrx_word' id='word_1_37' title='bbox 641 787 737 852; x_wconf 88' lang='lat' dir='ltr'><strong>Liber</strong></span> <span class='ocrx_word' id='word_1_38' title='bbox 758 790 794 853; x_wconf 91' lang='lat' dir='ltr'><strong>in</strong></span> <span class='ocrx_word' id='word_1_39' title='bbox 815 788 895 872; x_wconf 87' lang='lat' dir='ltr'><strong>illis,</strong></span> 
     </span>
     <span class='ocr_line' id='line_1_7' title="bbox 101 871 1029 957; baseline -0.005 -18"><span class='ocrx_word' id='word_1_40' title='bbox 101 874 167 951; x_wconf 82' lang='lat' dir='ltr'><strong>Qui</strong></span> <span class='ocrx_word' id='word_1_41' title='bbox 190 897 224 938; x_wconf 88' lang='lat' dir='ltr'><strong>se</strong></span> <span class='ocrx_word' id='word_1_42' title='bbox 247 873 363 957; x_wconf 91' lang='lat' dir='ltr'><strong>quique</strong></span> <span class='ocrx_word' id='word_1_43' title='bbox 384 895 449 937; x_wconf 87' lang='lat' dir='ltr'><strong>una</strong></span> <span class='ocrx_word' id='word_1_44' title='bbox 470 873 545 938; x_wconf 84' lang='lat' dir='ltr'><strong>vina</strong></span> <span class='ocrx_word' id='word_1_45' title='bbox 566 871 674 938; x_wconf 89' lang='lat' dir='ltr'><strong>iocosa</strong></span> <span class='ocrx_word' id='word_1_46' title='bbox 696 873 820 943; x_wconf 88' lang='lat' dir='ltr'><strong>colunt:</strong></span> <span class='ocrx_word' id='word_1_47' title='bbox 993 885 1029 934; x_wconf 78' lang='lat' dir='ltr'><strong>ao</strong></span> 
     </span>
     <span class='ocr_line' id='line_1_8' title="bbox 52 957 884 1042; baseline -0.005 -16"><span class='ocrx_word' id='word_1_48' title='bbox 52 958 224 1026; x_wconf 75' lang='lat' dir='ltr'><strong>Convenit</strong></span> <span class='ocrx_word' id='word_1_49' title='bbox 245 958 344 1022; x_wconf 87' lang='lat' dir='ltr'><strong>iratus</strong></span> <span class='ocrx_word' id='word_1_50' title='bbox 365 957 501 1022; x_wconf 90' lang='lat' dir='ltr'><strong>nimium</strong></span> <span class='ocrx_word' id='word_1_51' title='bbox 521 957 719 1042; x_wconf 88' lang='lat' dir='ltr'><strong>nimiumque</strong></span> <span class='ocrx_word' id='word_1_52' title='bbox 742 978 884 1022; x_wconf 83' lang='lat' dir='ltr'><strong>severos:</strong></span> 
     </span>
     <span class='ocr_line' id='line_1_9' title="bbox 102 1041 803 1127; baseline 0 -21"><span class='ocrx_word' id='word_1_53' title='bbox 102 1043 168 1119; x_wconf 82' lang='lat' dir='ltr'><strong>Qui</strong></span> <span class='ocrx_word' id='word_1_54' title='bbox 189 1043 283 1106; x_wconf 85' lang='lat' dir='ltr'><strong>timet</strong></span> <span class='ocrx_word' id='word_1_55' title='bbox 303 1042 376 1106; x_wconf 86' lang='lat' dir='ltr'><strong>irati</strong></span> <span class='ocrx_word' id='word_1_56' title='bbox 397 1043 530 1106; x_wconf 86' lang='lat' dir='ltr'><strong>numina</strong></span> <span class='ocrx_word' id='word_1_57' title='bbox 550 1064 684 1127; x_wconf 85' lang='lat' dir='ltr'><strong>magna,</strong></span> <span class='ocrx_word' id='word_1_58' title='bbox 705 1041 803 1106; x_wconf 86' lang='lat' dir='ltr'><strong>bibat.</strong></span> 
     </span>
     <span class='ocr_line' id='line_1_10' title="bbox 53 1125 914 1211; baseline -0.001 -20"><span class='ocrx_word' id='word_1_59' title='bbox 53 1128 180 1205; x_wconf 80' lang='lat' dir='ltr'><strong>Quales</strong></span> <span class='ocrx_word' id='word_1_60' title='bbox 201 1125 253 1190; x_wconf 89' lang='lat' dir='ltr'><strong>his</strong></span> <span class='ocrx_word' id='word_1_61' title='bbox 274 1146 394 1210; x_wconf 90' lang='lat' dir='ltr'><strong>poenas</strong></span> <span class='ocrx_word' id='word_1_62' title='bbox 417 1126 519 1211; x_wconf 87' lang='lat' dir='ltr'><strong>qualis</strong></span> <span class='ocrx_word' id='word_1_63' title='bbox 542 1129 740 1210; x_wconf 87' lang='lat' dir='ltr'><strong>quantusque</strong></span> <span class='ocrx_word' id='word_1_64' title='bbox 760 1127 914 1208; x_wconf 75' lang='lat' dir='ltr'><strong>minetur,</strong></span> 
     </span>
     <span class='ocr_line' id='line_1_11' title="bbox 104 1211 810 1277; baseline -0.001 0"><span class='ocrx_word' id='word_1_65' title='bbox 104 1211 262 1277; x_wconf 79' lang='lat' dir='ltr'>Cadmeae</span> <span class='ocrx_word' id='word_1_66' title='bbox 284 1211 395 1275; x_wconf 87' lang='lat' dir='ltr'><strong>matris</strong></span> <span class='ocrx_word' id='word_1_67' title='bbox 439 1212 534 1275; x_wconf 88' lang='lat' dir='ltr'><strong>raeda</strong></span> <span class='ocrx_word' id='word_1_68' title='bbox 556 1213 686 1276; x_wconf 88' lang='lat' dir='ltr'><strong>cruenta</strong></span> <span class='ocrx_word' id='word_1_69' title='bbox 708 1211 810 1276; x_wconf 86' lang='lat' dir='ltr'><strong>docet.</strong></span> 
     </span>
     <span class='ocr_line' id='line_1_12' title="bbox 55 1233 1028 1380; baseline -0.006 -18"><span class='ocrx_word' id='word_1_70' title='bbox 55 1296 125 1362; x_wconf 78' lang='lat' dir='ltr'><strong>Sed</strong></span> <span class='ocrx_word' id='word_1_71' title='bbox 146 1296 260 1379; x_wconf 87' lang='lat' dir='ltr'><strong>procul</strong></span> <span class='ocrx_word' id='word_1_72' title='bbox 281 1295 407 1360; x_wconf 88' lang='lat' dir='ltr'><strong>anobis</strong></span> <span class='ocrx_word' id='word_1_73' title='bbox 416 1233 475 1360; x_wconf 71' lang='lat' dir='ltr'><strong>lie</strong></span> <span class='ocrx_word' id='word_1_74' title='bbox 490 1295 532 1359; x_wconf 87' lang='lat' dir='ltr'><strong>sit</strong></span> <span class='ocrx_word' id='word_1_75' title='bbox 545 1297 656 1379; x_wconf 89' lang='lat' dir='ltr'><strong>timor,</strong></span> <span class='ocrx_word' id='word_1_76' title='bbox 678 1296 811 1380; x_wconf 89' lang='lat' dir='ltr'><strong>illaque,</strong></span> <span class='ocrx_word' id='word_1_77' title='bbox 836 1295 972 1379; x_wconf 88' lang='lat' dir='ltr'><strong>siquast,</strong></span> <span class='ocrx_word' id='word_1_78' title='bbox 995 1307 1028 1356; x_wconf 81' lang='lat'><strong>25</strong></span> 
     </span>
     <span class='ocr_line' id='line_1_13' title="bbox 105 1379 704 1456; baseline 0.003 -12"><span class='ocrx_word' id='word_1_79' title='bbox 105 1379 191 1456; x_wconf 81' lang='lat' dir='ltr'><strong>Quid</strong></span> <span class='ocrx_word' id='word_1_80' title='bbox 212 1380 317 1444; x_wconf 89' lang='lat' dir='ltr'><strong>valeat</strong></span> <span class='ocrx_word' id='word_1_81' title='bbox 337 1379 416 1444; x_wconf 84' lang='lat' dir='ltr'><strong>laesi</strong></span> <span class='ocrx_word' id='word_1_82' title='bbox 439 1381 554 1444; x_wconf 88' lang='lat' dir='ltr'><strong>sentiat</strong></span> <span class='ocrx_word' id='word_1_83' title='bbox 575 1381 622 1444; x_wconf 90' lang='lat' dir='ltr'><strong>ira</strong></span> <span class='ocrx_word' id='word_1_84' title='bbox 644 1380 704 1448; x_wconf 90' lang='lat' dir='ltr'><strong>dei.</strong></span> 
     </span>
     <span class='ocr_line' id='line_1_14' title="bbox 57 1463 922 1548; baseline -0.001 -20"><span class='ocrx_word' id='word_1_85' title='bbox 57 1463 148 1541; x_wconf 78' lang='lat' dir='ltr'><strong>Quid</strong></span> <span class='ocrx_word' id='word_1_86' title='bbox 169 1485 282 1548; x_wconf 81' lang='lat' dir='ltr'>precor</span> <span class='ocrx_word' id='word_1_87' title='bbox 303 1487 336 1547; x_wconf 88' lang='lat' dir='ltr'><strong>a,</strong></span> <span class='ocrx_word' id='word_1_88' title='bbox 359 1463 511 1528; x_wconf 85' lang='lat' dir='ltr'><strong>demens?</strong></span> <span class='ocrx_word' id='word_1_89' title='bbox 534 1465 623 1528; x_wconf 88' lang='lat' dir='ltr'><strong>venti</strong></span> <span class='ocrx_word' id='word_1_90' title='bbox 643 1464 810 1529; x_wconf 87' lang='lat' dir='ltr'><strong>temeraria</strong></span> <span class='ocrx_word' id='word_1_91' title='bbox 831 1467 922 1546; x_wconf 86' lang='lat' dir='ltr'><strong>vota,</strong></span> 
     </span>
     <span class='ocr_line' id='line_1_15' title="bbox 103 1547 843 1632; baseline 0 -20"><span class='ocrx_word' id='word_1_92' title='bbox 103 1549 222 1613; x_wconf 80' lang='lat' dir='ltr'><strong>Aerias</strong></span> <span class='ocrx_word' id='word_1_93' title='bbox 244 1551 277 1612; x_wconf 91' lang='lat' dir='ltr'><strong>et</strong></span> <span class='ocrx_word' id='word_1_94' title='bbox 296 1549 397 1612; x_wconf 89' lang='lat' dir='ltr'><strong>nubes</strong></span> <span class='ocrx_word' id='word_1_95' title='bbox 420 1547 597 1632; x_wconf 86' lang='lat' dir='ltr'><strong>diripienda</strong></span> <span class='ocrx_word' id='word_1_96' title='bbox 617 1549 731 1612; x_wconf 87' lang='lat' dir='ltr'><strong>ferant.</strong></span> <span class='ocrx_word' id='word_1_97' title='bbox 838 1603 843 1622; x_wconf 74' lang='grc'><strong>,</strong></span> 
     </span>
     <span class='ocr_line' id='line_1_16' title="bbox 59 1631 929 1717; baseline -0.002 -20"><span class='ocrx_word' id='word_1_98' title='bbox 59 1633 215 1710; x_wconf 82' lang='lat' dir='ltr'><strong>Quamvis</strong></span> <span class='ocrx_word' id='word_1_99' title='bbox 237 1633 326 1697; x_wconf 86' lang='lat' dir='ltr'><strong>nulla</strong></span> <span class='ocrx_word' id='word_1_100' title='bbox 346 1633 411 1697; x_wconf 90' lang='lat' dir='ltr'><strong>mei</strong></span> <span class='ocrx_word' id='word_1_101' title='bbox 432 1635 577 1717; x_wconf 88' lang='lat' dir='ltr'><strong>superest</strong></span> <span class='ocrx_word' id='word_1_102' title='bbox 596 1632 658 1697; x_wconf 90' lang='lat' dir='ltr'><strong>tibi</strong></span> <span class='ocrx_word' id='word_1_103' title='bbox 679 1653 768 1716; x_wconf 89' lang='lat' dir='ltr'><strong>cura,</strong></span> <span class='ocrx_word' id='word_1_104' title='bbox 790 1631 929 1713; x_wconf 85' lang='lat' dir='ltr'><strong>Neaera,</strong></span> 
     </span>
     <span class='ocr_line' id='line_1_17' title="bbox 105 1715 1029 1800; baseline -0.005 -19"><span class='ocrx_word' id='word_1_105' title='bbox 105 1717 157 1782; x_wconf 87' lang='lat' dir='ltr'><strong>Sis</strong></span> <span class='ocrx_word' id='word_1_106' title='bbox 179 1715 272 1800; x_wconf 81' lang='lat' dir='ltr'><strong>felix,</strong></span> <span class='ocrx_word' id='word_1_107' title='bbox 295 1719 328 1780; x_wconf 89' lang='lat' dir='ltr'><strong>et</strong></span> <span class='ocrx_word' id='word_1_108' title='bbox 349 1718 414 1781; x_wconf 89' lang='lat' dir='ltr'><strong>sint</strong></span> <span class='ocrx_word' id='word_1_109' title='bbox 435 1716 569 1781; x_wconf 89' lang='lat' dir='ltr'><strong>candida</strong></span> <span class='ocrx_word' id='word_1_110' title='bbox 589 1717 657 1780; x_wconf 83' lang='lat' dir='ltr'><strong>fata</strong></span> <span class='ocrx_word' id='word_1_111' title='bbox 677 1719 741 1782; x_wconf 84' lang='lat' dir='ltr'><strong>tua.</strong></span> <span class='ocrx_word' id='word_1_112' title='bbox 995 1727 1029 1777; x_wconf 85' lang='lat'><strong>30</strong></span> 
     </span>
     <span class='ocr_line' id='line_1_18' title="bbox 59 1800 862 1885; baseline -0.002 -19"><span class='ocrx_word' id='word_1_113' title='bbox 59 1803 107 1866; x_wconf 86' lang='lat' dir='ltr'><strong>At</strong></span> <span class='ocrx_word' id='word_1_114' title='bbox 128 1823 191 1866; x_wconf 91' lang='lat' dir='ltr'><strong>nos</strong></span> <span class='ocrx_word' id='word_1_115' title='bbox 213 1823 341 1866; x_wconf 85' lang='lat' dir='ltr'><strong>securae</strong></span> <span class='ocrx_word' id='word_1_116' title='bbox 362 1800 530 1875; x_wconf 80' lang='lat' dir='ltr'><strong>reddamus</strong></span> <span class='ocrx_word' id='word_1_117' title='bbox 551 1806 697 1885; x_wconf 88' lang='lat' dir='ltr'><strong>tempora</strong></span> <span class='ocrx_word' id='word_1_118' title='bbox 718 1821 862 1865; x_wconf 82' lang='lat' dir='ltr'><strong>mensae:</strong></span> 
     </span>
     <span class='ocr_line' id='line_1_19' title="bbox 106 1885 759 1969; baseline -0.003 -19"><span class='ocrx_word' id='word_1_119' title='bbox 106 1885 207 1950; x_wconf 90' lang='lat' dir='ltr'><strong>Venit</strong></span> <span class='ocrx_word' id='word_1_120' title='bbox 227 1889 303 1969; x_wconf 89' lang='lat' dir='ltr'><strong>post</strong></span> <span class='ocrx_word' id='word_1_121' title='bbox 323 1886 441 1950; x_wconf 86' lang='lat' dir='ltr'><strong>multos</strong></span> <span class='ocrx_word' id='word_1_122' title='bbox 463 1907 529 1949; x_wconf 88' lang='lat' dir='ltr'><strong>una</strong></span> <span class='ocrx_word' id='word_1_123' title='bbox 550 1907 661 1950; x_wconf 86' lang='lat' dir='ltr'><strong>serena</strong></span> <span class='ocrx_word' id='word_1_124' title='bbox 683 1885 759 1949; x_wconf 88' lang='lat' dir='ltr'><strong>dies.</strong></span> 
     </span>
     <span class='ocr_line' id='line_1_20' title="bbox 59 1969 799 2055; baseline 0 -21"><span class='ocrx_word' id='word_1_125' title='bbox 59 1971 103 2034; x_wconf 78' lang='lat' dir='ltr'><strong>ni</strong></span> <span class='ocrx_word' id='word_1_126' title='bbox 126 1969 222 2051; x_wconf 89' lang='lat' dir='ltr'><strong>mihi,</strong></span> <span class='ocrx_word' id='word_1_127' title='bbox 245 1969 407 2034; x_wconf 87' lang='lat' dir='ltr'><strong>difficilest</strong></span> <span class='ocrx_word' id='word_1_128' title='bbox 428 1969 547 2034; x_wconf 86' lang='lat' dir='ltr'><strong>imitari</strong></span> <span class='ocrx_word' id='word_1_129' title='bbox 568 1970 684 2055; x_wconf 85' lang='lat' dir='ltr'><strong>gaudia</strong></span> <span class='ocrx_word' id='word_1_130' title='bbox 704 1969 799 2052; x_wconf 84' lang='lat' dir='ltr'><strong>falsa,</strong></span> 
     </span>
     <span class='ocr_line' id='line_1_21' title="bbox 104 2054 795 2138; baseline -0.001 -20"><span class='ocrx_word' id='word_1_131' title='bbox 104 2054 278 2118; x_wconf 83' lang='lat' dir='ltr'><strong>Difficilest</strong></span> <span class='ocrx_word' id='word_1_132' title='bbox 297 2054 383 2119; x_wconf 87' lang='lat' dir='ltr'><strong>tristi</strong></span> <span class='ocrx_word' id='word_1_133' title='bbox 404 2055 525 2138; x_wconf 84' lang='lat' dir='ltr'><strong>fingere</strong></span> <span class='ocrx_word' id='word_1_134' title='bbox 546 2057 653 2118; x_wconf 88' lang='lat' dir='ltr'><strong>mente</strong></span> <span class='ocrx_word' id='word_1_135' title='bbox 675 2055 795 2138; x_wconf 90' lang='lat' dir='ltr'><strong>iocum,</strong></span> 
     </span>
     <span class='ocr_line' id='line_1_22' title="bbox 61 2139 1029 2223; baseline -0.004 -20"><span class='ocrx_word' id='word_1_136' title='bbox 61 2139 93 2203; x_wconf 92' lang='lat' dir='ltr'>N</span> <span class='ocrx_word' id='word_1_137' title='bbox 96 2160 133 2203; x_wconf 92' lang='lat' dir='ltr'><strong>ec</strong></span> <span class='ocrx_word' id='word_1_138' title='bbox 153 2139 236 2203; x_wconf 89' lang='lat' dir='ltr'><strong>bene</strong></span> <span class='ocrx_word' id='word_1_139' title='bbox 257 2139 403 2203; x_wconf 81' lang='lat' dir='ltr'><strong>mendaci</strong></span> <span class='ocrx_word' id='word_1_140' title='bbox 423 2139 506 2203; x_wconf 87' lang='lat' dir='ltr'><strong>risus</strong></span> <span class='ocrx_word' id='word_1_141' title='bbox 529 2139 721 2223; x_wconf 81' lang='lat' dir='ltr'><strong>componitur</strong></span> <span class='ocrx_word' id='word_1_142' title='bbox 743 2160 813 2221; x_wconf 90' lang='lat' dir='ltr'><strong>ore,</strong></span> <span class='ocrx_word' id='word_1_143' title='bbox 994 2149 1029 2200; x_wconf 77' lang='lat'><strong>35</strong></span> 
     </span>
     <span class='ocr_line' id='line_1_23' title="bbox 104 2223 824 2289; baseline 0.001 -2"><span class='ocrx_word' id='word_1_144' title='bbox 104 2223 176 2287; x_wconf 88' lang='lat' dir='ltr'><strong>Nee</strong></span> <span class='ocrx_word' id='word_1_145' title='bbox 196 2223 279 2287; x_wconf 88' lang='lat' dir='ltr'><strong>bene</strong></span> <span class='ocrx_word' id='word_1_146' title='bbox 301 2223 448 2288; x_wconf 82' lang='lat' dir='ltr'><strong>sollicitis</strong></span> <span class='ocrx_word' id='word_1_147' title='bbox 471 2223 558 2288; x_wconf 85' lang='lat' dir='ltr'><strong>ebria</strong></span> <span class='ocrx_word' id='word_1_148' title='bbox 578 2223 675 2287; x_wconf 85' lang='lat' dir='ltr'><strong>verba</strong></span> <span class='ocrx_word' id='word_1_149' title='bbox 697 2227 824 2289; x_wconf 86' lang='lat' dir='ltr'><strong>sonant.</strong></span> 
     </span>
     <span class='ocr_line' id='line_1_24' title="bbox 64 2307 876 2391; baseline 0.004 -21"><span class='ocrx_word' id='word_1_150' title='bbox 64 2307 148 2383; x_wconf 83' lang='lat' dir='ltr'><strong>Quid</strong></span> <span class='ocrx_word' id='word_1_151' title='bbox 170 2328 285 2390; x_wconf 90' lang='lat' dir='ltr'><strong>queror</strong></span> <span class='ocrx_word' id='word_1_152' title='bbox 305 2307 441 2372; x_wconf 82' lang='lat' dir='ltr'><strong>infelix?</strong></span> <span class='ocrx_word' id='word_1_153' title='bbox 463 2310 572 2391; x_wconf 84' lang='lat' dir='ltr'><strong>turpes</strong></span> <span class='ocrx_word' id='word_1_154' title='bbox 594 2307 746 2373; x_wconf 82' lang='lat' dir='ltr'><strong>discedite</strong></span> <span class='ocrx_word' id='word_1_155' title='bbox 767 2330 876 2373; x_wconf 83' lang='lat' dir='ltr'><strong>curae:</strong></span> 
     </span>
     <span class='ocr_line' id='line_1_25' title="bbox 106 2391 713 2477; baseline 0 -19"><span class='ocrx_word' id='word_1_156' title='bbox 106 2391 184 2458; x_wconf 89' lang='lat' dir='ltr'><strong>Odit</strong></span> <span class='ocrx_word' id='word_1_157' title='bbox 205 2391 349 2457; x_wconf 88' lang='lat' dir='ltr'><strong>Lenaeus</strong></span> <span class='ocrx_word' id='word_1_158' title='bbox 370 2391 475 2456; x_wconf 86' lang='lat' dir='ltr'><strong>tristia</strong></span> <span class='ocrx_word' id='word_1_159' title='bbox 496 2393 593 2459; x_wconf 84' lang='lat' dir='ltr'><strong>verba</strong></span> <span class='ocrx_word' id='word_1_160' title='bbox 612 2395 713 2477; x_wconf 87' lang='lat' dir='ltr'><strong>pater.</strong></span> 
     </span>
    </p>
   </div>
   <div class='ocr_carea' id='block_1_3' title="bbox 65 2519 1030 3492">
    <p class='ocr_par' dir='ltr' id='par_1_3' title="bbox 65 2519 1030 3492">
     <span class='ocr_line' id='line_1_26' title="bbox 408 2519 674 2559; baseline 0.004 -1"><span class='ocrx_word' id='word_1_161' title='bbox 408 2519 427 2558; x_wconf 65' lang='lat' dir='ltr'><strong>a</strong></span> <span class='ocrx_word' id='word_1_162' title='bbox 656 2520 674 2559; x_wconf 75' lang='lat' dir='ltr'><strong>e</strong></span> 
     </span>
     <span class='ocr_line' id='line_1_27' title="bbox 532 2565 550 2606; baseline 0 0"><span class='ocrx_word' id='word_1_163' title='bbox 532 2565 550 2606; x_wconf 74' lang='lat' dir='ltr'><strong>a</strong></span> 
     </span>
     <span class='ocr_line' id='line_1_28' title="bbox 65 2645 859 2730; baseline -0.005 -19"><span class='ocrx_word' id='word_1_164' title='bbox 65 2645 201 2730; x_wconf 88' lang='lat' dir='ltr'><strong>Gnosia,</strong></span> <span class='ocrx_word' id='word_1_165' title='bbox 224 2645 366 2710; x_wconf 81' lang='lat' dir='ltr'><strong>Theseae</strong></span> <span class='ocrx_word' id='word_1_166' title='bbox 389 2646 549 2730; x_wconf 89' lang='lat' dir='ltr'><strong>quondam</strong></span> <span class='ocrx_word' id='word_1_167' title='bbox 570 2646 708 2730; x_wconf 91' lang='lat' dir='ltr'><strong>periuria</strong></span> <span class='ocrx_word' id='word_1_168' title='bbox 728 2645 859 2730; x_wconf 83' lang='lat' dir='ltr'><strong>linguae</strong></span> 
     </span>
     <span class='ocr_line' id='line_1_29' title="bbox 106 2730 1030 2816; baseline -0.006 -21"><span class='ocrx_word' id='word_1_169' title='bbox 106 2731 240 2796; x_wconf 86' lang='lat' dir='ltr'><strong>Flevisti</strong></span> <span class='ocrx_word' id='word_1_170' title='bbox 261 2731 374 2816; x_wconf 85' lang='lat' dir='ltr'><strong>ignoto</strong></span> <span class='ocrx_word' id='word_1_171' title='bbox 397 2731 467 2796; x_wconf 86' lang='lat' dir='ltr'><strong>sola</strong></span> <span class='ocrx_word' id='word_1_172' title='bbox 486 2731 599 2795; x_wconf 86' lang='lat' dir='ltr'><strong>relicta</strong></span> <span class='ocrx_word' id='word_1_173' title='bbox 620 2730 714 2794; x_wconf 88' lang='lat' dir='ltr'><strong>mari:</strong></span> <span class='ocrx_word' id='word_1_174' title='bbox 995 2741 1030 2790; x_wconf 80' lang='lat'><strong>40</strong></span> 
     </span>
     <span class='ocr_line' id='line_1_30' title="bbox 65 2812 847 2899; baseline -0.003 -21"><span class='ocrx_word' id='word_1_175' title='bbox 65 2813 118 2879; x_wconf 80' lang='lat' dir='ltr'><strong>Sic</strong></span> <span class='ocrx_word' id='word_1_176' title='bbox 140 2815 257 2880; x_wconf 84' lang='lat' dir='ltr'><strong>cecinit</strong></span> <span class='ocrx_word' id='word_1_177' title='bbox 277 2837 335 2899; x_wconf 92' lang='lat' dir='ltr'><strong>pro</strong></span> <span class='ocrx_word' id='word_1_178' title='bbox 357 2818 389 2879; x_wconf 89' lang='lat' dir='ltr'><strong>te</strong></span> <span class='ocrx_word' id='word_1_179' title='bbox 412 2814 538 2897; x_wconf 91' lang='lat' dir='ltr'><strong>doctus,</strong></span> <span class='ocrx_word' id='word_1_180' title='bbox 561 2813 680 2895; x_wconf 89' lang='lat' dir='ltr'><strong>Minoi,</strong></span> <span class='ocrx_word' id='word_1_181' title='bbox 703 2812 847 2878; x_wconf 71' lang='lat' dir='ltr'><strong>(Jatullus</strong></span> 
     </span>
     <span class='ocr_line' id='line_1_31' title="bbox 106 2899 698 2983; baseline -0.003 -19"><span class='ocrx_word' id='word_1_182' title='bbox 106 2899 232 2983; x_wconf 81' lang='lat' dir='ltr'><strong>Ingrati</strong></span> <span class='ocrx_word' id='word_1_183' title='bbox 252 2901 392 2964; x_wconf 82' lang='lat' dir='ltr'><strong>referens</strong></span> <span class='ocrx_word' id='word_1_184' title='bbox 414 2900 503 2983; x_wconf 89' lang='lat' dir='ltr'><strong>inpia</strong></span> <span class='ocrx_word' id='word_1_185' title='bbox 524 2899 609 2964; x_wconf 85' lang='lat' dir='ltr'><strong>facta</strong></span> <span class='ocrx_word' id='word_1_186' title='bbox 629 2899 698 2962; x_wconf 87' lang='lat' dir='ltr'><strong>viri.</strong></span> 
     </span>
     <span class='ocr_line' id='line_1_32' title="bbox 65 2979 935 3068; baseline -0.002 -21"><span class='ocrx_word' id='word_1_187' title='bbox 65 2980 132 3047; x_wconf 85' lang='lat' dir='ltr'><strong>Vos</strong></span> <span class='ocrx_word' id='word_1_188' title='bbox 155 3005 216 3068; x_wconf 82' lang='lat' dir='ltr'><strong>ego</strong></span> <span class='ocrx_word' id='word_1_189' title='bbox 237 3005 324 3048; x_wconf 89' lang='lat' dir='ltr'><strong>nunc</strong></span> <span class='ocrx_word' id='word_1_190' title='bbox 345 3005 476 3049; x_wconf 90' lang='lat' dir='ltr'><strong>moneo:</strong></span> <span class='ocrx_word' id='word_1_191' title='bbox 498 2983 589 3065; x_wconf 83' lang='lat' dir='ltr'><strong>felix,</strong></span> <span class='ocrx_word' id='word_1_192' title='bbox 614 2984 803 3066; x_wconf 89' lang='lat' dir='ltr'><strong>quicumque</strong></span> <span class='ocrx_word' id='word_1_193' title='bbox 825 2979 935 3046; x_wconf 90' lang='lat' dir='ltr'><strong>dolore</strong></span> 
     </span>
     <span class='ocr_line' id='line_1_33' title="bbox 65 3068 743 3154; baseline -0.003 -22"><span class='ocrx_word' id='word_1_194' title='bbox 65 3149 68 3154; x_wconf 25' lang='grc' dir='ltr'>Ι</span> <span class='ocrx_word' id='word_1_195' title='bbox 105 3068 249 3133; x_wconf 87' lang='lat' dir='ltr'><strong>Alterius</strong></span> <span class='ocrx_word' id='word_1_196' title='bbox 272 3068 373 3134; x_wconf 87' lang='lat' dir='ltr'><strong>disces</strong></span> <span class='ocrx_word' id='word_1_197' title='bbox 395 3089 490 3153; x_wconf 88' lang='lat' dir='ltr'><strong>posse</strong></span> <span class='ocrx_word' id='word_1_198' title='bbox 512 3087 622 3132; x_wconf 86' lang='lat' dir='ltr'><strong>cavere</strong></span> <span class='ocrx_word' id='word_1_199' title='bbox 643 3071 743 3130; x_wconf 89' lang='lat' dir='ltr'><strong>tuum.</strong></span> 
     </span>
     <span class='ocr_line' id='line_1_34' title="bbox 65 3149 1030 3237; baseline -0.005 -21"><span class='ocrx_word' id='word_1_200' title='bbox 65 3151 134 3216; x_wconf 81' lang='lat' dir='ltr'><strong>Nec</strong></span> <span class='ocrx_word' id='word_1_201' title='bbox 156 3173 213 3217; x_wconf 85' lang='lat' dir='ltr'><strong>vos</strong></span> <span class='ocrx_word' id='word_1_202' title='bbox 236 3156 291 3216; x_wconf 90' lang='lat' dir='ltr'><strong>aut</strong></span> <span class='ocrx_word' id='word_1_203' title='bbox 313 3154 441 3237; x_wconf 86' lang='lat' dir='ltr'><strong>capiant</strong></span> <span class='ocrx_word' id='word_1_204' title='bbox 460 3151 633 3237; x_wconf 87' lang='lat' dir='ltr'><strong>pendentia</strong></span> <span class='ocrx_word' id='word_1_205' title='bbox 653 3149 785 3215; x_wconf 86' lang='lat' dir='ltr'><strong>brachia</strong></span> <span class='ocrx_word' id='word_1_206' title='bbox 806 3151 889 3216; x_wconf 93' lang='lat' dir='ltr'><strong>collo</strong></span> <span class='ocrx_word' id='word_1_207' title='bbox 996 3163 1030 3212; x_wconf 81' lang='lat'><strong>45</strong></span> 
     </span>
     <span class='ocr_line' id='line_1_35' title="bbox 107 3235 837 3321; baseline 0.001 -21"><span class='ocrx_word' id='word_1_208' title='bbox 107 3237 176 3300; x_wconf 82' lang='lat' dir='ltr'><strong>Aut</strong></span> <span class='ocrx_word' id='word_1_209' title='bbox 197 3237 289 3301; x_wconf 84' lang='lat' dir='ltr'><strong>fallat</strong></span> <span class='ocrx_word' id='word_1_210' title='bbox 309 3237 427 3302; x_wconf 86' lang='lat' dir='ltr'><strong>blanda</strong></span> <span class='ocrx_word' id='word_1_211' title='bbox 448 3235 583 3302; x_wconf 85' lang='lat' dir='ltr'><strong>subdola</strong></span> <span class='ocrx_word' id='word_1_212' title='bbox 603 3237 715 3321; x_wconf 84' lang='lat' dir='ltr'><strong>lingua</strong></span> <span class='ocrx_word' id='word_1_213' title='bbox 734 3258 837 3321; x_wconf 86' lang='lat' dir='ltr'><strong>prece.</strong></span> 
     </span>
     <span class='ocr_line' id='line_1_36' title="bbox 65 3317 772 3405; baseline 0.004 -23"><span class='ocrx_word' id='word_1_214' title='bbox 65 3317 137 3384; x_wconf 82' lang='lat' dir='ltr'><strong>Etsi</strong></span> <span class='ocrx_word' id='word_1_215' title='bbox 158 3343 277 3405; x_wconf 90' lang='lat' dir='ltr'><strong>perque</strong></span> <span class='ocrx_word' id='word_1_216' title='bbox 300 3343 374 3386; x_wconf 89' lang='lat' dir='ltr'><strong>suos</strong></span> <span class='ocrx_word' id='word_1_217' title='bbox 395 3323 494 3388; x_wconf 85' lang='lat' dir='ltr'><strong>fallax</strong></span> <span class='ocrx_word' id='word_1_218' title='bbox 515 3322 632 3387; x_wconf 87' lang='lat' dir='ltr'><strong>iurabit</strong></span> <span class='ocrx_word' id='word_1_219' title='bbox 654 3321 772 3385; x_wconf 86' lang='lat' dir='ltr'><strong>ocellos</strong></span> 
     </span>
     <span class='ocr_line' id='line_1_37' title="bbox 108 3404 883 3492; baseline 0.004 -25"><span class='ocrx_word' id='word_1_220' title='bbox 108 3404 326 3490; x_wconf 88' lang='lat' dir='ltr'><strong>Iunonemque</strong></span> <span class='ocrx_word' id='word_1_221' title='bbox 348 3429 438 3472; x_wconf 86' lang='lat' dir='ltr'><strong>suam</strong></span> <span class='ocrx_word' id='word_1_222' title='bbox 458 3429 576 3492; x_wconf 90' lang='lat' dir='ltr'><strong>perque</strong></span> <span class='ocrx_word' id='word_1_223' title='bbox 598 3427 689 3471; x_wconf 89' lang='lat' dir='ltr'><strong>suam</strong></span> <span class='ocrx_word' id='word_1_224' title='bbox 709 3405 883 3490; x_wconf 86' lang='lat' dir='ltr'><strong>Venerem,</strong></span> 
     </span>
    </p>
   </div>
   <div class='ocr_carea' id='block_1_4' title="bbox 67 3484 1034 3658">
    <p class='ocr_par' dir='ltr' id='par_1_4' title="bbox 67 3484 1034 3658">
     <span class='ocr_line' id='line_1_38' title="bbox 67 3484 843 3575; baseline 0.006 -24"><span class='ocrx_word' id='word_1_225' title='bbox 67 3484 164 3552; x_wconf 86' lang='lat' dir='ltr'><strong>Nulla</strong></span> <span class='ocrx_word' id='word_1_226' title='bbox 184 3489 263 3554; x_wconf 89' lang='lat' dir='ltr'><strong>fides</strong></span> <span class='ocrx_word' id='word_1_227' title='bbox 285 3493 396 3556; x_wconf 88' lang='lat' dir='ltr'><strong>inerit:</strong></span> <span class='ocrx_word' id='word_1_228' title='bbox 418 3492 556 3575; x_wconf 90' lang='lat' dir='ltr'><strong>periuria</strong></span> <span class='ocrx_word' id='word_1_229' title='bbox 576 3491 660 3555; x_wconf 87' lang='lat' dir='ltr'><strong>ridet</strong></span> <span class='ocrx_word' id='word_1_230' title='bbox 681 3493 843 3556; x_wconf 89' lang='lat' dir='ltr'><strong>amantum</strong></span> 
     </span>
     <span class='ocr_line' id='line_1_39' title="bbox 108 3572 1034 3658; baseline -0.001 -21"><span class='ocrx_word' id='word_1_231' title='bbox 108 3572 253 3658; x_wconf 87' lang='lat' dir='ltr'><strong>Iuppiter</strong></span> <span class='ocrx_word' id='word_1_232' title='bbox 274 3579 307 3640; x_wconf 87' lang='lat' dir='ltr'><strong>et</strong></span> <span class='ocrx_word' id='word_1_233' title='bbox 327 3579 440 3641; x_wconf 81' lang='lat' dir='ltr'><strong>ventos</strong></span> <span class='ocrx_word' id='word_1_234' title='bbox 461 3575 552 3640; x_wconf 87' lang='lat' dir='ltr'><strong>irrita</strong></span> <span class='ocrx_word' id='word_1_235' title='bbox 572 3576 654 3640; x_wconf 85' lang='lat' dir='ltr'><strong>ferre</strong></span> <span class='ocrx_word' id='word_1_236' title='bbox 676 3575 774 3639; x_wconf 87' lang='lat' dir='ltr'><strong>iubet.</strong></span> <span class='ocrx_word' id='word_1_237' title='bbox 998 3581 1034 3629; x_wconf 72' lang='lat'><strong>50</strong></span> 
     </span>
    </p>
   </div>
   <div class='ocr_carea' id='block_1_5' title="bbox 0 0 1253 4036">
    <p class='ocr_par' dir='ltr' id='par_1_5' title="bbox 0 0 1253 4036">
     <span class='ocr_line' id='line_1_40' title="bbox 0 0 1253 4036; baseline 0 0"><span class='ocrx_word' id='word_1_238' title='bbox 0 0 1253 4036; x_wconf 95' lang='lat' dir='ltr'><strong> </strong></span> 
     </span>
    </p>
   </div>
  </div>
 </body>
</html>
