2468 4036
28 265 140 334 1111.]
469 262 577 318 nana
598 263 620 320 Ι.
1012 260 1035 326 9

34 433 49 462 ‘
66 425 110 491 Ο
136 425 214 510 fuge
235 426 268 489 to
289 426 418 490 tenerae
439 393 609 510 puerorum
633 413 758 492 credere
779 427 905 494 turbae:

103 509 196 574 Nam
219 531 348 574 causam
370 510 447 574 iusti
468 531 594 593 semper
615 512 732 576 amoris
754 512 884 578 habent.
1000 525 1035 574 ιο

35 594 128 658 Hic
140 594 256 676 placet,
276 595 421 678 angustis
437 593 522 677 quod
533 615 649 678 equum
660 598 824 680 conpescit
834 595 981 661 habenis:

105 677 173 742 Hic
194 677 353 760 placidam
373 678 467 742 niveo
489 682 617 761 pectore
638 680 732 764 pellit
752 703 880 764 aquam:

38 763 145 844 Hic,
171 762 245 844 quia
265 762 360 825 fortis
383 762 473 826 adest
494 762 641 847 audacia,
665 765 764 848 cepit:
787 769 821 829 at
841 766 889 830 illi

105 845 284 929 Virgineus
305 849 432 911 teneras
454 848 519 910 stet
539 848 641 931 pudor
662 852 738 913 ante
759 871 868 934 genas.

44 930 131 997 Sed
152 952 194 994 ne
214 933 248 994 te
270 931 413 1014 capient,
434 931 539 1014 primo
562 933 590 996 si
610 933 693 996 forte
714 935 860 1018 negabit,
1002 945 1036 996 15

110 1014 246 1078 Taedia:
269 1015 424 1098 paulatim
446 1016 504 1080 sub
526 1015 602 1100 iuga
623 1017 707 1081 oolla
728 1017 827 1084 dabit.

44 1099 183 1182 Longa
205 1098 271 1162 dies
293 1097 417 1162 homini
439 1099 548 1164 docuit
568 1123 680 1184 parere
701 1103 825 1188 leones,

108 1183 224 1266 Longa
245 1183 312 1248 dies
334 1184 425 1247 molli
447 1206 523 1248 saxa
544 1184 668 1268 peredit
688 1207 785 1269 aqua:

48 1268 184 1332 Annus
205 1268 240 1330 in
262 1268 378 1351 apricis
399 1271 537 1332 maturat
559 1269 694 1333 collibus
715 1293 808 1355 uvas,

107 1351 224 1416 Annus
246 1352 315 1436 agit
337 1355 422 1416 certa
443 1353 547 1417 lueida
569 1354 662 1438 signa
682 1355 760 1418 vioe.
1002 1369 1037 1418 20

53 1435 140 1502 Nec
162 1435 266 1499 iurare
288 1437 382 1501 time:
403 1436 538 1502 Veneris
559 1439 697 1520 periuria
717 1439 806 1504 venti

108 1519 215 1584 Inrita
235 1542 292 1603 per
312 1523 413 1586 terras
438 1524 470 1585 et
490 1522 573 1585 freta
594 1522 693 1606 longa
713 1523 829 1588 fenmt.

58 1603 183 1673 Gratia
204 1626 322 1690 magna
343 1603 427 1670 Iovi:
450 1607 551 1668 vetuit
571 1609 662 1690 pater
683 1607 751 1690 ipse
772 1608 893 1691 valere,

110 1687 255 1752 Iurasset
275 1689 389 1772 cupide
411 1689 563 1772 quidquid
584 1691 712 1774 ineptus
734 1713 838 1757 amor:

56 1773 195 1855 Perque
215 1795 288 1838 suas
309 1774 430 1857 inpune
452 1774 529 1838 sinit
549 1773 713 1858 Dictynna
734 1777 868 1861 sagittas
1002 1787 1037 1838 25

109 1857 287 1939 Adfirmes,
310 1859 414 1922 crines
435 1879 554 1943 perque
575 1858 719 1924 Minerva
740 1882 824 1924 suos.

59 1941 115 2006 At
140 1941 168 2004 si
189 1942 297 2005 tardus
320 1943 395 2026 eris,
419 1943 553 2007 errabis:
579 1945 714 2008 transiet
734 1948 831 2010 aetas.

112 2025 218 2100 Quam
241 2027 304 2090 cito
326 2047 393 2090 non
415 2027 523 2110 segnis
545 2029 609 2090 stat
629 2032 810 2112 remeatque
833 2025 913 2093 dies!

63 2110 175 2186 Quam
198 2110 260 2174 cito
282 2132 459 2195 purpureos
482 2111 628 2195 deperdit
648 2115 733 2176 terra
755 2113 893 2195 coloreS,

113 2193 216 2268 Quam
237 2195 301 2259 cito
322 2195 480 2258 formosas
502 2196 640 2278 populns
662 2197 736 2260 alba
758 2201 879 2261 comas!
1002 2212 1038 2260 30

65 2278 175 2354 Quam
196 2278 292 2361 iacet,
313 2279 458 2343 infirmae
479 2301 593 2343 venere
615 2280 670 2343 ubi
691 2281 760 2345 fata
781 2287 941 2366 senectae,

114 2362 178 2437 Qui
198 2363 286 2447 prior
307 2363 420 2427 Eleost
441 2385 565 2427 earcere
585 2365 701 2428 missus
724 2369 836 2449 equus!

64 2446 148 2513 Vidi
169 2446 234 2510 iam
254 2447 415 2530 iuvenem,
437 2451 596 2531 premeret
617 2470 688 2512 eum
711 2451 811 2514 serior
833 2453 936 2533 aetas,

113 2531 311 2596 Maerentem
333 2533 448 2596 stultos
469 2533 670 2615 praeteriisse
693 2533 769 2599 dier.

68 2613 225 2682 crudeles
247 2615 325 2680 divi!
349 2638 479 2700 serpens
500 2638 602 2681 novus
624 2618 711 2681 exuit
731 2640 849 2682 annos:
1003 2629 1038 2680 35

114 2698 249 2766 Formae
270 2722 338 2764 non
357 2701 456 2764 ullam
477 2701 544 2764 fata
566 2701 679 2764 dedere
701 2723 832 2766 moram.
875 2751 877 2756 2

69 2782 157 2851 Solis
179 2787 340 2849 aeternast
360 2782 491 2849 Phoebo
513 2783 702 2867 Bacchoque
724 2785 868 2848 iuventa:

113 2867 199 2933 Nam
222 2869 314 2934 decet
332 2869 480 2933 intonsus
503 2869 599 2932 crinis
621 2872 789 2952 utrumque
812 2869 914 2932 deum.

69 2953 135 3034 Tu,
157 2974 256 3036 puero
279 2953 499 3037 quodcumque
520 2954 575 3015 tuo
597 2955 754 3037 temptare
775 2953 902 3034 libebit,

116 3036 234 3102 Oedas:
257 3037 409 3122 obsequio
430 3035 567 3120 plurima
588 3037 689 3100 vincit
710 3057 807 3100 amor.
1002 3049 1038 3098 40

70 3119 145 3186 Neu
167 3143 273 3186 comes
295 3122 342 3186 ire
362 3143 461 3206 neges
466 3168 476 3204 ,
499 3121 642 3204 quamvis
663 3120 716 3184 via
737 3121 835 3206 longa
855 3123 983 3204 paretur

114 3205 159 3270 Et
181 3206 279 3271 Oanis
302 3207 405 3270 arenti
426 3207 547 3270 torreat
568 3227 642 3268 arva
665 3205 733 3288 siti,

71 3289 226 3366 Quamvis
247 3293 436 3374 praetexens
457 3291 550 3374 picea
569 3289 732 3401 ferrugine
754 3291 877 3356 caelum

114 3372 291 3438 Venturam
313 3374 460 3439 admittat
479 3373 630 3439 nimbifer
650 3374 755 3439 hurus
777 3397 902 3459 aquam.

68 3457 134 3524 Vel
156 3460 183 3524 si
205 3460 365 3524 caeruleas
387 3459 488 3542 puppi
508 3460 596 3523 volet
616 3460 662 3523 ire
683 3460 877 3543 parandae,
1004 3468 1038 3518 45

113 3542 188 3628 Ipse
210 3545 313 3610 levem
333 3565 421 3608 remo
443 3563 501 3628 per
521 3544 605 3608 freta
624 3543 709 3628 pella
729 3547 841 3607 ratem.
1032 3547 1037 3553 '
