2470 4010
190 249 232 316 60
399 227 404 235 ’
596 247 749 312 cirrum
1022 247 1143 321 [muru.

297 415 456 500 Fulgebat
478 415 606 479 crocina
628 413 781 478 candidus
803 413 837 476 in
859 414 977 478 tunica.

193 513 242 563 135
254 501 341 577 Quae
362 505 471 564 tamen
493 500 553 563 etsi
573 519 638 562 uno
660 520 727 562 non
750 501 798 562 111
820 501 970 562 contenta
991 496 1126 578 Catullo,

297 585 383 649 Rara
404 583 599 648 verecundae
620 583 705 646 furta
726 582 862 646 feremus
886 603 972 666 erac,

255 669 306 734 Ne
327 668 462 733 nimium
485 668 583 731 simus
606 667 776 730 stultorum
797 687 885 730 more
907 667 1044 730 molesti.

299 753 400 837 Saepe
423 753 518 817 etiam
539 750 637 832 lunc,
659 752 797 814 maxima
818 751 1018 834 caelicolum,

258 837 411 922 Coniugis
432 836 468 901 in
491 836 583 918 culpa
604 836 794 920 flagrantem
816 836 1011 918 conquoquit
1031 835 1117 916 iram,

196 935 244 985 140
297 922 442 986 Noscens
465 919 619 984 omnivoli
640 920 777 1003 plurima
798 920 883 983 furta
903 918 999 983 Iovis.

257 1006 377 1089 Atquei
397 1025 457 1069 nec
480 1004 560 1067 divis
582 1003 728 1068 homines
751 1005 924 1086 conponier
945 1003 1117 1086 aequomst,

300 1257 467 1342 Ingratum
488 1257 616 1320 tremuli
637 1257 715 1320 tolle
736 1257 877 1340 parentis
899 1275 990 1320 onus.

258 1341 328 1407 Nec
348 1344 457 1406 tamen
479 1339 535 1404 illa
555 1340 635 1406 mihi
657 1340 767 1404 dextra
789 1341 923 1404 deducta
943 1345 1075 1424 patema

301 1426 512 1510 Flagrantem
533 1425 666 1508 Assyrio
689 1426 779 1490 venit
800 1425 897 1489 odore
919 1425 1063 1508 domum,

198 1523 246 1572 145
260 1510 321 1575 Sed
343 1511 461 1576 fintiva
482 1509 569 1574 dedit
590 1513 679 1573 muta
700 1509 888 1574 munuscula
908 1513 1018 1592 nocte,

302 1594 407 1679 Ipsius
430 1617 469 1660 ex
490 1595 560 1678 ipsc
583 1594 711 1678 dempta
732 1595 793 1658 viri
813 1595 945 1679 gremio,

262 1680 364 1756 Quare
387 1679 467 1743 illud
489 1680 566 1742 satis
589 1682 651 1760 est,
674 1679 702 1741 si
723 1679 817 1742 nobis
839 1679 867 1742 11
889 1679 980 1742 datm
1001 1678 1088 1760 unis,

304 1763 405 1841 Quem
426 1763 531 1848 lapide
553 1764 609 1827 illa
631 1761 715 1826 diem
738 1763 919 1828 candidiore
940 1763 1043 1826 notat.

261 1847 334 1914 Hoc
355 1850 431 1932 tibi,
454 1869 516 1932 qua
537 1847 643 1931 potui,
666 1847 847 1911 confectum
870 1848 1010 1912 carmine
1031 1865 1143 1910 mimus

199 1945 248 1995 150
301 1934 364 1998 Pro
386 1933 511 2015 multis,
534 1933 616 2014 Alli,
639 1931 781 1995 redditur
803 1931 932 2014 officiis,

261 2017 312 2082 Ne
334 2017 610 2082 vostrum'scabra
631 2019 745 2100 tangat
765 2015 913 2112 rubigine
934 2037 1054 2079 nomen

304 2099 392 2164 Haec
415 2104 508 2184 atque
529 2101 585 2164 1111
607 2100 674 2164 dies
696 2103 790 2184 atquc
812 2101 873 2164 alra
895 2103 928 2163 at
949 2121 988 2164 ue
1010 2099 1080 2162 1111

261 2183 334 2248 Η11
350 2184 467 2247 addent
482 2184 546 2248 divi
561 2207 656 2268 quam
670 2185 821 2268 plurima,
845 2205 924 2268 quae
967 2183 1068 2246 hemis
1083 2181 1157 2246 olim

282 2268 434 2350 Antiquis
456 2268 582 2332 solitast
603 2291 736 2333 munera
757 2270 839 2332 ferre
861 2269 937 2352 piis:

201 2351 339 2417 11511111
361 2351 470 2418 felices
494 2355 526 2416 et
547 2355 583 2416 tu
605 2353 700 2417 simul
722 2353 918 2418 1111111111

304 2436 349 2500 lllt
371 2436 481 2500 domus
486 2485 496 2529 7
518 2437 581 2520 ipsi
603 2437 638 2500 in
660 2459 721 2522 qua
742 2439 875 2501 lusimus
898 2439 930 2500 11
951 2436 1094 2518 domina,

262 2519 307 2584 Et
328 2520 382 2604 qui
403 2519 561 2605 principio
584 2522 678 2586 nobis
699 2525 732 2586 te
753 2522 885 2585 tradidit
906 2521 1025 2603 Anser,

305 2607 336 2669 A
359 2627 420 2690 quo
443 2610 519 2670 sunt
539 2606 643 2690 primo
664 2607 710 2670 mi
732 2607 839 2671 omnia
859 2609 936 2670 nate
958 2603 1052 2668 bona

262 2689 307 2754 Et
327 2690 424 2774 longe
447 2694 529 2755 ante
543 2711 653 2755 omnes
675 2690 755 2756 mihi
770 2711 849 2774 quac
863 2711 914 2754 mc
929 2689 1032 2753 carim
1045 2687 1161 2772 ipsust,

201 2787 251 2840 160
302 2775 372 2840 Lux
393 2795 478 2858 mea,
501 2795 563 2858 qua
584 2775 656 2838 viva
677 2776 783 2839 vivere
805 2774 896 2840 dulce
917 2773 1036 2837 mihist.

589 2989 768 3062 LXVIIH.

262 3111 341 3176 Noli
363 3112 526 3196 admirari,
549 3134 645 3196 quere
667 3113 726 3176 tibi
748 3112 868 3176 femina
889 3113 992 3194 nulla,

306 3195 404 3277 Rufe,
427 3197 505 3260 velit
525 3199 671 3260 tenerum
694 3197 897 3279 supposuisse
919 3197 1037 3276 femur,

263 3278 340 3344 Non
362 3279 390 3341 si
412 3279 500 3341 illam
522 3300 612 3343 rarae
637 3279 809 3344 labefactes
831 3303 962 3344 munere
984 3279 1081 3344 vestis
1158 3329 1160 3336 Α

306 3363 374 3424 Α11
394 3361 583 3443 perluciduli
604 3363 726 3426 deliciis
749 3364 872 3446 lapidis.

231 3445 377 3510 tLaedit
397 3447 430 3506 11
452 3441 607 3525 quaedam
627 3448 712 3510 mala
733 3449 842 3512 fabula
847 3498 856 3531 ,
880 3471 942 3534 qua
962 3448 1024 3513 tibi
1045 3447 1144 3512 fertur

306 3526 399 3593 Valle
421 3526 481 3589 sub
503 3527 625 3590 alarum
646 3531 720 3592 trux
741 3531 885 3598 habitare
909 3555 1013 3617 caper.
