2486 4010
66 183 163 262 m]
332 195 337 200 ·
466 167 575 239 amaa
595 184 658 242 1111.

119 347 174 411 Et
192 346 289 422 misc!
309 345 447 416 invisam
467 346 566 412 traxit
585 345 692 410 hiatur
715 367 846 430 aquam:

73 434 180 495 Hunc
199 452 298 518 parvo
320 430 397 498 farri
418 429 499 496 vidit
519 451 584 496 uox
605 430 743 514 inproba
765 431 864 516 ligno.

123 515 244 586 Paetus
266 517 304 584 ut
324 514 499 596 occideret,
520 516 571 578 tot
592 515 695 579 coiere
716 515 810 580 mala.
869 517 872 522 “

76 597 181 664 Flens
195 601 306 672 tamen
320 599 470 668 extremis
481 598 570 670 dedit
582 597 662 666 haec
676 600 827 666 mandata
842 601 993 686 querelis,
1016 613 1051 665 to

126 683 210 753 Cum
231 683 424 754 moribunda
444 684 539 768 uigor
559 683 721 749 clauderet
742 705 799 748 ora
819 685 938 769 liquor:

75 766 148 831 ‘Di
167 769 265 834 maris
280 768 403 853 Aegaei
418 789 497 852 quos
513 771 588 832 sunt
608 790 707 852 penes
722 789 878 853 aequora,
892 768 1007 855 Venti,

126 852 172 920 Et
194 873 410 936 quaecumque
430 873 537 917 meum
559 852 712 938 degravat
731 853 818 918 unda
839 857 950 939 caput,

80 935 156 1011 Quo
178 937 292 1020 rapitis
313 937 447 1004 miseros
468 941 596 1002 tenerae
618 937 779 1022 lanuginis
801 938 928 1003 annos?

125 1021 304 1086 Attulimus
326 1022 439 1106 longas
461 1021 497 1086 in
518 1021 600 1086 freta
624 1026 729 1086 vestra
750 1044 873 1088 manus.
1016 1035 1051 1086 oo

81 1105 115 1168 A
136 1107 235 1170 miser
256 1105 427 1188 alcyonum
448 1106 588 1190 scopulis
611 1105 733 1190 adfigar
755 1107 872 1172 acutis:

47 1255 50 1258 ,
129 1189 170 1254 In
191 1211 242 1254 me
266 1191 409 1256 caer-meo
430 1190 556 1256 fuscina
576 1194 703 1275 sumpta
724 1190 824 1257 deost.

81 1273 130 1338 At
151 1274 268 1342 saltem
288 1273 400 1338 Italiae
420 1275 607 1372 regionibus
628 1274 766 1340 advehet
786 1279 908 1342 aestuat

127 1357 202 1424 Hoo
224 1358 264 1424 de
286 1381 338 1424 me
359 1361 410 1424 sat
431 1362 492 1424 erit
513 1359 657 1424 simodo
679 1361 789 1425 matris
812 1363 896 1427 erit'

82 1441 253 1507 Subtrahit
273 1441 353 1508 haec
371 1443 494 1508 fantem
513 1447 599 1508 torta
617 1445 773 1528 vertigine
792 1446 922 1530 fluctus3
1017 1457 1051 1508 65

127 1527 253 1592 Vltima
275 1549 355 1611 quae
376 1527 475 1592 Paeto
497 1549 621 1613 voxque
642 1527 771 1611 diesque
793 1529 863 1592 fuit.

86 1611 114 1676 0
137 1615 268 1679 centum
289 1633 464 1697 aequoreae
485 1611 591 1678 Nereo
613 1612 759 1698 genitore
779 1612 921 1695 puellae,

127 1695 174 1760 Et
194 1698 231 1760 tu
252 1700 397 1760 materno
419 1699 506 1760 tacta
527 1696 637 1768 dolore
658 1694 754 1760 Theti

85 1779 170 1865 (Vos
192 1779 299 1846 decuit
319 1781 403 1846 lasso
426 1802 604 1865 supponere
625 1779 757 1845 brachia
777 1781 901 1844 mento:

126 1864 205 1929 Non
225 1867 352 1948 poterat
371 1868 493 1929 vestras
514 1866 570 1929 ille
591 1886 724 1949 gravme
744 1863 888 1948 manus),
1017 1875 1052 1926 '10

84 1948 221 2014 Reddite
243 1970 357 2032 corpus
376 1947 474 2014 humo
496 1949 648 2034 (positast
667 1949 702 2012 in
721 1948 849 2034 gurgite
870 1947 966 2033 vita)3
1017 1959 1051 2010 uo

128 2033 263 2097 Paetum
285 2037 399 2117 sponte
420 2037 491 2116 tua,
512 2033 586 2097 vilis
607 2055 716 2116 arena,
739 2037 845 2118 tegas3

86 2117 131 2182 Et
152 2119 299 2200 quotiens
320 2117 410 2182 Paeti
431 2117 582 2182 transibit
602 2120 701 2182 nauta
721 2115 939 2201 sepulchrum,

128 2201 225 2266 Dicat
247 2205 299 2266 ‘et
320 2201 432 2268 audaci
453 2205 489 2266 tu
509 2203 607 2266 timor
629 2223 698 2266 essa
719 2205 833 2287 potes.'
1017 2213 1052 2264 28

88 2288 134 2352 At
153 2290 204 2369 tu,
227 2307 320 2352 saeve
334 2287 467 2370 Aquilo,
489 2308 663 2370 numquam
684 2308 756 2352 mea
768 2286 839 2352 uela
858 2285 996 2351 videbis:

130 2372 216 2438 Ante
236 2371 322 2438 fores
344 2371 491 2436 dominae
513 2373 633 2437 condar
653 2375 783 2456 oportet
803 2372 898 2436 iners.

460 2501 684 2684 iffa.

93 2709 202 2776 Dulcis
223 2709 265 2774 ad
285 2708 451 2774 hesternas
472 2708 578 2771 fuerat
601 2704 681 2769 mihi
701 2707 771 2770 rixa
791 2705 953 2789 lucernas,

133 2793 229 2859 Vocis
251 2795 284 2858 et
304 2795 435 2858 insanae
455 2793 507 2857 tot
527 2790 697 2855 maledicta
718 2793 800 2855 tuae.

94 2879 156 2945 (tur
175 2879 347 2942 furibunda
367 2899 456 2942 mero
477 2898 622 2941 mensam
643 2876 797 2959 propellis
819 2876 851 2938 et
871 2873 907 2937 in
928 2893 980 2936 me

134 2963 254 3028 Proiois
275 2965 389 3026 insana
410 2962 535 3046 cymbia
555 2961 652 3044 plena
673 2958 793 3023 manu?

95 3047 141 3112 'Ili
159 3068 234 3111 vero
256 3051 385 3111 nostros
407 3047 510 3111 audax
531 3045 644 3108 invade
668 3043 799 3127 capillos
1036 3052 1054 3106 t

13 3143 15 3160 ’
135 3131 176 3195 llt
195 3153 267 3194 mea
288 3131 436 3195 formosis
458 3129 619 3214 unguibus
642 3149 697 3192 ora
717 3129 810 3210 nota,

13 3207 14 3278 l
99 3214 143 3281 ‘ur
162 3215 312 3281 minitare
334 3217 444 3281 oculos
466 3215 611 3279 subiecta
633 3232 763 3276 exurere
784 3211 926 3298 flamma,

13 3305 14 3366 ]
136 3299 196 3365 Fac
217 3322 289 3364 meo
310 3301 447 3365 rescisso
467 3302 598 3385 pectora
618 3297 705 3361 nuda
726 3297 808 3362 sinu.

13 3397 14 3424 ¹
100 3383 251 3450 Nimirum
271 3385 340 3449 veri
361 3384 476 3449 dantur
497 3383 577 3450 mihi
599 3383 692 3468 signa
714 3382 843 3447 caloris:

13 3467 14 3504 l
136 3468 218 3536 Nam
240 3470 309 3535 sino
332 3491 440 3534 amore
460 3470 552 3555 gravi
572 3468 693 3533 femina
714 3467 805 3534 nulla
824 3466 920 3530 dolet
1021 3475 1056 3526 10

13 3589 14 3636 l
