2468 4036
55 241 150 318 run]
466 241 574 297 nmen
594 241 644 298 111.

515 441 597 516 ΠΗ.

60 574 114 640 Di
140 574 274 638 meliora
295 573 415 657 ferant,
437 594 499 637 nee
520 572 587 638 sint
606 573 766 638 insomnia
786 596 876 658 vera,

114 659 208 735 Quae
229 658 304 723 tulit
326 659 466 722 extrema
486 658 626 741 pessima
647 660 742 723 noete
764 661 863 743 quies.

62 744 123 809 Ite
147 743 274 827 procul,
296 763 414 806 vanum
435 742 613 826 falsumque
636 744 767 807 avertite
790 743 908 809 visum:

113 826 265 892 Desinite
286 826 322 890 in
343 826 437 890 nobis
459 847 609 909 quaerere
631 828 712 891 vello
733 827 839 892 fidem.

65 911 153 977 Divi
174 933 250 974 rara
270 912 418 994 monent,
440 912 591 978 venturae
612 912 725 976 nuntia
747 911 843 976 sortis
1027 921 1046 976 ὅ

115 994 206 1060 Vera
227 998 360 1059 monent
380 995 492 1059 Tuscis
514 998 588 1059 exta
608 996 743 1079 probata
764 996 855 1060 viris:

68 1080 212 1148 Somnia
231 1080 338 1144 fallaci
359 1078 474 1142 ludunt
494 1081 662 1144 temeraria
683 1084 777 1145 noete

118 1163 166 1230 Et
187 1163 318 1248 pauidas
339 1167 463 1228 mentes
486 1163 568 1228 falsa
588 1165 700 1229 timere
721 1165 840 1229 iubent.

68 1249 121 1316 Et
143 1252 253 1312 natum
275 1249 310 1313 in
332 1269 422 1312 euras
443 1247 609 1313 hominum
632 1271 734 1334 genus
757 1251 865 1314 omina
886 1249 992 1315 noetis

118 1333 217 1398 Farre
239 1333 293 1417 pio
315 1333 444 1416 placant
466 1335 498 1396 et
520 1334 652 1398 saliente
675 1335 763 1398 sale?
1012 1345 1044 1396 10

71 1419 136 1484 Set
155 1421 278 1500 tamen,
299 1419 516 1501 uteumquest‚
539 1418 604 1482 sive
626 1417 675 1482 illi
695 1441 771 1482 vera
792 1418 930 1502 moneri,

119 1502 269 1566 Mendaei
292 1522 404 1565 somno
427 1501 554 1566 eredere
576 1502 643 1566 sive
665 1500 788 1585 volent,

71 1586 209 1653 Efficiat
230 1607 330 1650 vanos
351 1587 456 1651 noetis
478 1585 599 1650 Lucina
619 1588 774 1650 tremores

122 1670 168 1736 Et
189 1670 308 1734 frustra
328 1670 512 1734 inmeritum
534 1669 734 1754 pertimuisse
756 1670 847 1754 velit,

75 1755 114 1820 si
137 1777 209 1819 mea
229 1777 289 1819 nee
310 1756 398 1838 turpi
418 1777 509 1818 mens
531 1758 580 1818 est
601 1755 740 1818 obnoxia
761 1755 846 1819 facto
1013 1767 1046 1816 15

120 1839 192 1905 Neo
212 1839 305 1903 laesit
325 1860 460 1923 magnos
482 1839 571 1922 inpia
592 1839 705 1923 lingua
726 1838 812 1903 deos

76 1923 148 1988 Iam
170 1923 245 1989 Nox
267 1923 442 1988 aetherium
463 1924 565 2008 nigris
588 1945 717 1986 emensa
740 1923 902 2009 quadrigis

120 2007 278 2074 Mundum
301 2009 443 2072 caeruleo
465 2008 585 2072 laverat
606 2029 698 2071 amne
720 2011 822 2092 rotas,

78 2092 149 2158 Neo
171 2114 223 2157 me
241 2093 384 2176 sopierat
403 2093 505 2156 menti
527 2092 603 2157 deus
626 2092 714 2156 utilis
737 2114 864 2176 aegrae:

123 2177 262 2243 Somnus
286 2177 437 2240 sollicitas
461 2177 567 2241 deficit
588 2180 662 2241 ante
685 2177 806 2241 domos.
1012 2190 1046 2239 20

82 2260 239 2344 Tandem,
262 2283 334 2325 eum
352 2281 476 2325 summa
489 2261 638 2326 Phoebus
659 2262 825 2346 prospexit
839 2260 879 2325 ab
893 2261 989 2345 Oeta,

121 2345 244 2411 Pressit
264 2346 446 2430 languentis
468 2346 589 2410 lumina
610 2368 680 2410 sera
702 2348 800 2430 quies,

82 2429 144 2495 Hie
166 2431 290 2494 iuvenis
311 2432 399 2494 easta
420 2430 584 2496 redimitus
605 2433 751 2515 tempora
771 2432 861 2494 lauro

123 2514 186 2579 nst
207 2515 294 2579 visus
316 2518 427 2579 nostra
448 2537 566 2598 ponere
589 2515 662 2580 sede
684 2515 806 2599 pedem.

82 2597 158 2664 Non
178 2599 236 2663 illo
258 2600 427 2682 quiequam
447 2599 618 2663 formosius
641 2601 707 2662 ulla
728 2599 870 2682 priorum
1013 2609 1047 2661 25

123 2684 238 2767 Aetas,
261 2683 393 2748 heroum
414 2705 474 2748 nee
494 2685 571 2747 tulit
591 2684 658 2746 ulla
679 2683 801 2747 domus,
954 2683 955 2686 ’

85 2764 209 2832 Intonsi
232 2769 334 2832 crines
356 2769 455 2852 longa
476 2771 596 2833 cerviae
617 2767 773 2850 fluebant,

124 2851 275 2917 Stillabat
296 2853 387 2936 Syrio
410 2857 533 2936 myrtea
553 2874 625 2917 rore
647 2873 747 2916 coma.

87 2934 211 3001 Candor
233 2940 315 3020 erat,
338 2937 464 3020 qualem
485 2938 624 3020 praefert
645 2937 780 3000 Latonia
800 2936 906 3019 Luna,

124 3019 168 3085 Et
189 3021 278 3086 color
299 3023 334 3084 in
354 3022 448 3085 niveo
472 3043 603 3104 corpore
624 3043 817 3105 purpureus,
1014 3033 1050 3083 80

86 3101 129 3168 Vt
147 3105 256 3170 iuveni
277 3107 415 3189 primum
436 3105 527 3190 virgo
550 3106 684 3170 deducta
705 3107 818 3169 marito

124 3188 270 3254 Inficitur
290 3193 416 3256 teneras
439 3213 493 3256 ore
514 3191 648 3256 rubente
669 3213 785 3276 genas,

87 3270 220 3338 Etcum
243 3278 418 3340 contexunt
439 3277 611 3340 amarantis
633 3277 707 3340 alba
727 3277 851 3360 puellae

10 3383 11 3388 ¹
125 3357 206 3422 Lilia
228 3363 261 3424 et
283 3364 435 3425 autumno
459 3361 593 3426 eandida
614 3362 698 3426 mala
718 3362 843 3426 rubent.

10 3463 11 3468 ¹
88 3437 152 3506 lma
171 3445 339 3508 videbatur
359 3446 433 3509 tulis
455 3446 598 3510 inludere
619 3447 720 3530 palla:
1014 3453 1049 3502 35

125 3525 270 3614 Namque
291 3529 370 3594 haee
390 3530 424 3592 in
445 3530 548 3595 nitido
571 3552 703 3613 corpore
725 3531 821 3593 vestis
844 3529 920 3591 erat.
