2464 4020
339 770 706 854 PRAEFATIO

108 1058 284 1136 Propertius
299 1077 388 1135 quam
400 1063 490 1120 'certo
510 1061 675 1137 speraverit
687 1059 817 1120 nominis
831 1060 1006 1120 immortali-

52 1145 149 1217 tatem,
164 1143 329 1204 iustissime
343 1145 463 1219 quidem
477 1145 531 1204 illa
544 1163 620 1220 quae
640 1164 658 1203 a
670 1145 785 1205 meritis
801 1147 897 1204 oritur
909 1145 1007 1202 firma-

53 1229 96 1286 tus
110 1229 257 1304 superbia,
274 1228 476 1305 compluribus
490 1229 654 1290 carminum
665 1248 787 1290 suorum
799 1232 867 1306 apte
879 1230 1007 1289 declara-

53 1311 94 1369 vit
105 1311 187 1386 loeis,
202 1313 297 1373 veluti
310 1313 380 1372 hoc:

130 1415 237 1473 meque
251 1397 330 1456 inter
345 1415 427 1456 seros
441 1397 575 1457 laudabit
588 1398 684 1458 Roma
698 1401 833 1475 nepotes,

130 1481 217 1538 illum
231 1485 300 1557 post
315 1482 427 1540 cineres
443 1500 573 1558 auguror
586 1483 650 1557 ipse
666 1483 754 1540 diem.

132 1584 170 1624 ne
184 1584 251 1623 mea
265 1568 434 1640 contempto
449 1566 526 1641 lapis
540 1566 652 1624 indicet
666 1584 734 1626 ossa
748 1567 893 1642 sepulcro,

131 1649 314 1725 provisumst
327 1649 420 1726 Lycio
435 1653 505 1710 vota
518 1650 664 1725 probante
679 1649 744 1710 deo.

111 1733 277 1808 Fatendum
291 1737 392 1793 tamen
407 1738 547 1794 eventum
560 1733 648 1794 huius
669 1733 786 1810 augurii
799 1751 861 1792 non
875 1733 946 1792 satis
962 1752 1007 1792 re·

54 1817 200 1890 spondisss
219 1818 291 1893 spei,
313 1821 393 1878 certe
414 1821 482 1878 ante
503 1819 621 1894 pulsem
635 1818 753 1878 saeculo
767 1816 824 1876 XV
838 1817 929 1876 medii
943 1817 1009 1876 aevi

53 1899 224 1961 barbariem.

111 1986 156 2044 ΕΣ
176 1987 349 2062 aequalibus
369 1987 490 2063 quidem
505 1986 629 2048 Ovidius
644 1987 748 2062 quenti
762 2005 830 2045 cum
844 1985 950 2048 fecerit
963 2004 1008 2046 sa·

54 2067 90 2127 tis
113 2070 243 2130 declarat
270 2072 398 2147 propriis
427 2072 616 2132 testimoniis.
660 2071 745 2129 Idem
776 2071 906 2129 cormine
934 2071 1007 2144 eius,

55 2155 135 2226 plene
150 2158 185 2214 ut
197 2155 313 2214 Tibulli
324 2155 514 2232 acLygdemi
528 2159 560 2215 ct
572 2155 734 2214 laudatoris
747 2154 912 2228 Messallae,
921 2173 1008 2230 saepe

55 2237 192 2298 imitando
208 2239 361 2315 expressit.
388 2240 466 2312 Quid
480 2240 560 2315 quod
573 2239 729 2299 heroidum
743 2239 855 2298 librum
870 2243 900 2299 et
914 2240 1008 2299 fastos
1120 2235 1123 2240 ’

56 2321 122 2381 duce
136 2343 169 2382 ac
182 2325 327 2400 magistro
341 2325 479 2400 inprimis
493 2325 652 2401 Propertio
667 2323 798 2383 creditur
818 2325 1008 2399 conscripsis-

57 2405 104 2465 se?
119 2407 259 2468 Ceterum
273 2427 310 2468 ne
324 2409 422 2485 primo
437 2409 557 2483 quidem
571 2429 600 2484 p.
617 2407 670 2468 Ch.
685 2429 715 2468 n.
737 2410 853 2468 saeculo
868 2408 1010 2469 videntur

57 2489 191 2566 defuisse,
213 2493 265 2568 qui
278 2493 469 2569 Propertium
490 2512 549 2568 quo
569 2513 625 2570 par
645 2497 710 2552 eret
727 2493 873 2554 haberent
886 2493 1008 2551 honore.

55 2573 127 2634 Nam
146 2579 177 2636 et
192 2576 305 2636 Statius
325 2576 389 2637 eius
408 2579 547 2636 meminit
566 2595 633 2636 oum
647 2579 735 2638 laude
749 2595 804 2636 neo
817 2577 917 2635 minus
931 2575 1006 2634 Mar·

56 2659 129 2720 tialis
149 2663 180 2721 et
201 2660 352 2721 Secundus
374 2661 499 2722 Plinius.
528 2661 689 2721 Praeterea
708 2666 812 2720 auctor
832 2661 878 2718 cst
893 2659 1009 2731 Quinti·

56 2741 145 2805 lienus
158 2745 251 2806 fuisse
266 2747 318 2822 qui
332 2745 379 2804 illi
389 2745 589 2822 principatum
600 2746 680 2804 inter
690 2744 836 2820 elegiacos
848 2743 1008 2814 deferrent,

56 2829 213 2890 rectissimo
228 2829 349 2906 quidem
365 2830 421 2904 illi,
436 2849 485 2889 me
501 2832 526 2889 si
541 2829 652 2902 audies,
667 2829 714 2887 usi
727 2827 847 2887 iudicio.
865 2825 1010 2900 Ceterum

55 2913 174 2972 eundem
194 2913 384 2974 admirationi
403 2915 499 2991 magis
520 2915 612 2972 fuisse
632 2913 796 2972 cultissimo
811 2910 879 2968 huic
893 2911 1010 2970 saeculo

55 3015 136 3070 quam
161 3001 296 3074 exemplo
328 3001 453 3075 apparet
476 2995 633 3075 poetarum
657 2997 745 3056 huius
773 2994 932 3070 temporis,
958 2994 1010 3068 qui

54 3078 127 3139 haud
142 3085 227 3158 pauci
242 3086 393 3159 superant,
414 3083 509 3142 libris.
539 3083 580 3140 Et
595 3085 641 3141 est
655 3099 724 3140 sane
740 3078 869 3138 difficilis
882 3079 1009 3154 Proper-

54 3165 118 3238 tius,
139 3169 221 3227 cuius
242 3186 345 3228 sensus
365 3169 549 3226 sacrationes
570 3165 628 3226 nisi
648 3163 877 3242 diligentissimo
896 3165 1011 3240 pariter

55 3266 85 3304 ao
99 3251 270 3328 longissimo
286 3251 384 3312 studio
399 3252 566 3328 perspicere
581 3269 642 3311 non
652 3250 758 3327 possis,
771 3249 823 3308 sed
837 3251 872 3308 ut
885 3267 936 3309 eos
950 3267 1009 3324 quo

55 3336 143 3410 magis
157 3337 324 3412 penetraris
337 3336 394 3396 hoc
403 3336 608 3396 vehementius
623 3337 653 3394 te
669 3335 816 3410 alliciant,
831 3335 919 3411 plene
934 3333 1011 3393 sicut

18 3477 19 3494 ,
56 3415 185 3494 Tacitus,
211 3439 279 3479 cum
299 3439 358 3496 quo
378 3422 411 3480 in
430 3424 575 3498 quantum
594 3421 736 3480 materiae
756 3420 828 3480 sinit
853 3417 1011 3479 diversitas

18 3545 19 3548 η
53 3503 157 3562 mirum
171 3505 203 3564 in
218 3505 340 3565 modum
355 3505 401 3564 illi
417 3506 563 3566 convenit.

821 3613 857 3662 ai
