2492 4022
223 235 260 281 ιν
604 214 817 272 PRAEFATIO.

224 393 362 463 tempore
382 385 492 460 triplex
505 383 591 442 fluxit
605 383 671 442 fons
685 382 864 442 traditionis·
893 381 1029 441 Primum
1043 383 1134 442 enim
1149 383 1199 440 de·

224 473 339 547 scripta
351 469 471 530 videtur
484 486 549 527 esse
563 467 736 526 membrana
750 487 793 540 ea,
808 485 898 542 quam
912 487 929 525 a
942 467 1052 527 Iacobo
1068 466 1197 526 Cuiaoio

225 559 378 630 acceptam
392 555 525 612 insuam
540 570 627 611 usum
646 551 738 611 vertit
750 551 894 626 Iosephus
910 551 1060 626 Scaliger,
1082 551 1196 610 iniuria

225 658 297 699 sane
318 639 502 698 saeculorum
515 638 692 709 truncatam,
713 639 748 694 ut
762 655 779 693 a
792 656 821 695 v.
837 635 956 693 demum
972 636 1011 694 65
1028 654 1055 694 c.
1070 636 1097 692 4
1112 636 1136 694 l.
1151 635 1196 694 Ill

223 723 378 799 inciperet.
408 721 481 780 Ilius
495 719 638 780 lectiones
652 719 724 780 satis
744 719 905 796 diligenter
918 722 953 776 ut
966 738 1022 794 pro
1037 719 1106 779 illis
1122 722 1195 778 tem-

223 807 347 883 poribus
367 807 519 880 excerptas
540 804 695 863 transtulit
714 804 747 862 in
766 805 917 878 exemplar
936 803 1079 863 editionis
1105 805 1193 862 eroti-

224 909 327 951 corum
351 889 571 962 Plautinianae,
597 907 671 964 quae
696 887 809 963 prodiit
831 887 1012 962 Antverpiae
1047 908 1074 946 a.
1101 889 1192 947 1569.

223 975 331 1034 Eidem
355 977 387 1032 et
406 972 578 1032 recentioris
599 970 747 1030 Cuiaciani
773 975 805 1030 et
832 974 1041 1046 excerptorum
1066 990 1191 1033 suorum

223 1057 396 1118 testimonia
416 1055 537 1114 addidit.
566 1056 611 1114 na
630 1056 718 1116 hodie
732 1056 764 1114 in
783 1056 856 1115 bibl.
877 1055 975 1130 Lugd.
995 1055 1133 1115 habetur
1152 1060 1191 1114 in-

223 1145 272 1202 ter
297 1142 390 1202 libros
415 1140 572 1216 Lipsianos
596 1159 642 1198 nr.
658 1141 708 1199 59.
752 1139 847 1198 Notae
873 1143 990 1213 autem,
1012 1141 1130 1215 quibus
1151 1145 1192 1199 est

223 1245 310 1300 usus,
332 1226 414 1284 fuere
436 1222 498 1298 CO,
518 1223 555 1297 V,
572 1223 638 1282 VA.
666 1223 713 1282 Er
730 1222 786 1283 hoc
799 1224 877 1283 libro
893 1224 1085 1300 transcripsit
1099 1225 1191 1284 Hein-

225 1311 287 1370 sius
301 1309 334 1368 in
348 1309 500 1385 exemplar
514 1307 560 1366 ed.
575 1307 702 1366 Aldinae
717 1328 743 1366 a.
761 1308 841 1366 1515
857 1307 1051 1368 Perreianum
1067 1327 1113 1383 ea,
1131 1310 1190 1384 qui-

224 1394 280 1452 bus
300 1411 370 1453 usus
391 1394 437 1452 est
450 1391 667 1451 Lachmannus.
696 1391 758 1452 Nos
779 1392 958 1467 ubicumque
973 1393 1011 1451 ab
1025 1393 1091 1452 eius
1107 1394 1189 1452 testi-

224 1477 332 1536 moniis
353 1476 544 1550 dissidemus,
563 1475 741 1536 Franckenii
760 1475 792 1533 id
810 1475 867 1534 fide
889 1477 1010 1535 factum.
1047 1475 1189 1538 Ceterum

225 1579 293 1620 cum
309 1580 352 1634 ea,
368 1579 441 1635 quae
458 1559 576 1620 disertis
591 1560 690 1620 verbis
704 1561 737 1619 in
751 1559 900 1621 codicibus
915 1561 976 1622 suis
990 1561 1085 1622 fuisse
1098 1562 1187 1621 testa·

223 1648 275 1705 tur
291 1644 438 1721 Scaliger,
459 1663 520 1702 non
541 1644 597 1716 sit,
618 1643 718 1703 curin
732 1645 854 1703 dubium
868 1663 1023 1719 vocemus,
1043 1645 1143 1704 nolim
1157 1665 1189 1703 cx

226 1729 345 1789 silentio
366 1729 429 1788 eius
450 1727 524 1786 certi
544 1727 706 1804 quidquam
727 1727 871 1788 concludi.
908 1729 953 1788 De
978 1749 1037 1804 qua
1062 1748 1095 1788 re
1117 1729 1188 1789 sicui

225 1814 313 1872 aliter
334 1813 462 1886 videtur,
478 1830 538 1872 non
553 1812 632 1886 quod
645 1811 835 1872 Lachmanno
853 1812 951 1872 visum
965 1811 1094 1872 Aldinae
1115 1833 1187 1888 quae

225 1918 251 1957 a.
269 1899 349 1956 1502
367 1897 480 1974 prodiit
499 1896 552 1956 sed
566 1895 771 1956 Plautinianae
785 1914 875 1972 quam
896 1917 986 1973 supra
1005 1897 1068 1956 dixi
1088 1899 1186 1956 lectio·

224 1999 278 2042 nes
293 1983 382 2040 erunt
395 1981 604 2057 respiciendae.
620 1979 703 2039 Idem
713 1980 915 2040 Franckenius
926 1981 959 2040 in
968 1980 1184 2053 dissertatione,

226 2083 316 2140 quam
332 2067 449 2140 saepius
463 2067 522 2123 iam
537 2065 775 2138 memoravimus,
797 2065 1021 2140 demonstravit,
1042 2069 1079 2124 ut
1093 2067 1186 2125 obiter

224 2149 280 2208 hoc
300 2147 415 2223 addam,
441 2167 502 2209 non
515 2149 625 2209 falsum
639 2167 703 2210 esse
717 2168 771 2209 nec
785 2151 887 2208 tamen
900 2151 1009 2207 mirum
1024 2151 1106 2230 quod
1121 2150 1183 2210 Soa

227 2233 305 2308 liger
319 2233 410 2290 iactat
424 2251 455 2290 sc
471 2233 508 2290 ad
522 2231 701 2293 recensenda
715 2232 826 2294 Catulli
838 2233 950 2293 Tibulli
961 2233 1114 2309 Propertii
1129 2253 1183 2293 oar-

225 2317 307 2375 mina
327 2333 365 2374 ne
384 2333 485 2375 mense
505 2315 626 2390 quidem
645 2317 764 2394 integro
785 2335 850 2378 esse
870 2336 971 2392 arsum,
997 2319 1184 2394 quoniamst

226 2401 386 2460 verborum
407 2398 628 2460 emendationes
649 2403 686 2460 ab
707 2420 741 2460 eo
762 2402 855 2461 faotae
875 2421 984 2478 magna
997 2421 1033 2460 er
1047 2405 1142 2478 parte,
1158 2406 1183 2459 et

225 2503 366 2544 versuum
385 2483 573 2544 traiectiones
594 2488 715 2560 excepta
735 2504 795 2545 una
810 2504 912 2545 omncs
926 2485 958 2544 in
973 2486 1077 2545 eodem
1091 2505 1182 2544 exem-

226 2569 304 2644 plari
315 2567 503 2628 Plautiniano
518 2569 714 2642 reperiantur,
730 2572 766 2628 ut
779 2571 921 2646 appareat
934 2588 1003 2629 eum
1012 2570 1045 2628 in
1059 2569 1181 2629 editions

215 2655 350 2714 ’5.1571
372 2653 448 2713 nihil
468 2651 548 2710 aliud
568 2653 627 2712 nisi
646 2653 763 2728 pridem
782 2652 926 2712 medItata
944 2653 976 2712 in
991 2655 1105 2714 chartas
1119 2672 1179 2714 oon·

227 2757 339 2798 recisse.
728 2771 731 2778 -

291 2823 430 2883 Alterum
444 2823 545 2890 autem
560 2821 752 2898 apographon
765 2823 871 2883 eodem
882 2823 944 2881 fere
959 2826 1093 2898 tempore
1107 2823 1178 2883 vide·

227 2910 277 2966 tur
291 2909 412 2981 factum,
435 2907 516 2967 cuius
530 2905 669 2966 librarius
684 2906 785 2966 omisit
798 2907 924 2982 Priapes
938 2906 1005 2980 duo,
1022 2907 1084 2968 sine
1098 2907 1177 2964 dubio

228 2993 342 3050 nullam
362 2993 451 3051 aliam
472 2991 510 3050 ob
534 3009 666 3064 causam,
688 3009 776 3066 quam
801 2991 881 3066 quod
902 2991 1071 3066 argumenti
1090 2991 1178 3050 essent

229 3075 382 3150 obserari,
407 3079 437 3134 et
452 3075 568 3135 constat
583 3093 669 3151 saepe
683 3074 774 3135 medii
788 3074 854 3135 aevi
869 3075 981 3135 scribas
995 3075 1027 3133 in
1041 3075 1112 3134 talia
1124 3093 1175 3134 sas-

225 3157 307 3218 ·visse
328 3160 466 3218 earmina.
509 3159 622 3218 Eadem
649 3159 800 3219 occasione
819 3159 908 3218 titulo
930 3159 1069 3218 orbatum
1093 3161 1175 3234 epigr.

230 3241 266 3299 de
280 3244 377 3300 morte
394 3241 521 3315 Tibulli,
544 3242 623 3317 quod
645 3243 678 3302 in
697 3242 846 3304 codicibus
867 3245 986 3317 praeter
999 3242 1174 3303 Ouiacianum

231 3327 283 3383 aut
296 3324 372 3384 nulli
388 3327 467 3385 certo
489 3327 601 3384 auctori
615 3327 759 3386 tribuitur
774 3329 826 3386 aut
840 3323 956 3387 Ouidio.
985 3326 1022 3386 Id
1042 3327 1176 3402 exemplar

231 3426 298 3466 cum
319 3407 442 3466 diutinis
457 3408 593 3468 sordibus
609 3411 749 3468 obrutum
762 3411 910 3484 iacuisset,
932 3429 1006 3472 saec.
1022 3411 1109 3470 XIIII
1120 3430 1174 3468 rur-

232 3509 282 3550 sus
297 3492 499 3551 inventumret
512 3489 544 3547 in
555 3490 673 3550 Italiam
684 3494 802 3553 videtur
816 3497 1008 3572 asportatum.
1024 3495 1060 3553 Id
1074 3494 1174 3570 quando
