2470 4010
29 250 107 322 111]
438 247 554 305 aissa
607 288 608 292 ¹

29 411 63 474 l't
82 412 209 476 albulus
233 411 397 475 columbus
419 414 474 474 aut
495 411 669 476 Adoneus?

30 494 158 560 Cinaede
180 495 331 578 Romule,
353 494 432 560 haec
454 494 576 564 videbis
599 497 631 560 et
651 493 755 560 feres?

29 578 64 642 Es
82 579 253 664 inpudicus
275 583 308 643 et
328 600 426 644 vorax
448 582 481 643 et
501 580 581 644 0100.
951 591 984 642 10

30 663 107 729 Eone
130 665 277 745 nomine,
300 663 473 746 imperator
494 665 600 748 unice,

31 747 120 812 Fuisti
142 750 178 812 in
199 748 314 812 ultima
335 747 509 812 occidentis
532 747 652 832 insula,

31 831 66 894 l't
84 834 146 896 ista
166 835 275 897 vostra
296 831 440 897 defututa
461 831 605 896 Mentula

31 914 193 980 Ducenties
216 919 372 981 comesset
393 920 448 980 aut
469 915 660 982 trecenties?

32 999 102 1073 Quid
125 1003 175 1065 est
196 999 261 1064 alid
283 1001 413 1064 sinistra
433 1000 630 1065 liberalitas?
951 1013 983 1064 15

30 1083 136 1148 Parum
158 1085 337 1168 expatravit
357 1107 399 1149 an
420 1107 532 1169 parum
555 1087 678 1149 cluatus
699 1085 771 1150 est?

30 1167 156 1233 Paterna
176 1170 281 1254 prima
300 1169 462 1233 lancinata
483 1172 559 1234 sunt
579 1171 678 1234 bona:

32 1251 166 1318 Secunda
185 1253 304 1337 praeda
324 1252 474 1319 Pontica:
496 1253 571 1319 inde
591 1255 687 1318 tertia

30 1335 152 1420 Hibera,
176 1359 271 1422 quam
293 1337 354 1402 scit
375 1338 479 1402 amnis
501 1339 618 1404 aurifer
639 1338 756 1424 Tagus.

32 1420 189 1486 Timentne
212 1421 335 1488 Galliae
355 1421 457 1506 hunc,
478 1423 595 1488 timent
615 1422 823 1488 Britanniae?
949 1435 985 1486 20

34 1504 105 1579 Quid
126 1507 212 1570 hunc
232 1507 352 1573 malum
373 1506 510 1572 fovetis?
543 1510 598 1571 aut
619 1509 695 1592 quid
716 1507 769 1574 hio
790 1510 911 1592 potest,

33 1588 95 1654 Nisi
115 1595 212 1656 uncta
234 1589 384 1656 deuorare
405 1592 618 1675 patrimonia?

33 1672 113 1738 Eone
133 1675 263 1740 nomine
285 1676 388 1758 urbis,
411 1696 430 1738 0
451 1677 627 1773 potissimei

34 1756 119 1822 Socer
138 1779 314 1845 generque,
335 1759 518 1843 perdidistis
541 1760 669 1824 omnia?

425 1923 577 1932 -....-.--.

443 2027 601 2116 ΧΧΧΛ1

33 2179 138 2246 Alfene
159 2183 317 2246 inmemor
338 2184 433 2265 atque
455 2181 614 2246 unanimis
636 2181 717 2246 false
739 2183 915 2267 sodalibus,

32 2261 143 2330 lamte
164 2269 212 2331 1111
234 2269 376 2349 miseret,
399 2266 490 2350 dure,
511 2267 560 2330 tui
582 2265 684 2331 dulcis
707 2269 857 2332 amiculi?

32 2397 92 2462 lam
106 2423 156 2465 me
170 2401 319 2485 prodere,
342 2402 407 2465 iam
429 2423 496 2466 non
518 2400 643 2466 dubitas
657 2402 783 2486 fallere,
805 2402 946 2487 perfide?

33 2481 92 2548 Nec
103 2485 187 2550 faeta
197 2486 286 2570 inpia
296 2486 447 2551 fallacum
457 2485 624 2552 homiuum
635 2487 793 2552 caelicolis
806 2487 948 2570 placent:

34 2617 115 2690 Quod
129 2623 165 2684 tu
185 2621 347 2706 neglegis,
370 2642 406 2685 ac
427 2644 478 2686 me
494 2622 646 2686 miserum
661 2621 779 2686 deseris
795 2621 830 2684 in
844 2621 945 2685 malis.
967 2632 985 2682 1

33 2700 114 2768 Eheu
142 2704 217 2789 quid
242 2704 377 2788 faciant,
406 2705 472 2790 dic,
496 2705 658 2789 homines,
671 2706 789 2854 fieiuire?
804 2705 944 2770 habeant

716 2811 766 2854 em

34 2918 118 2987 Certe
139 2925 207 2989 tute
229 2925 360 2988 iubebas
383 2926 524 2990 animam
544 2924 683 3006 tradere,
705 2924 828 3005 inique,
849 2945 902 2986 me

34 3002 180 3072 Inducens
195 3010 231 3072 111
245 3030 401 3092 0111010111,
424 3010 514 3092 quasi
536 3012 607 3072 tuta
628 3008 736 3072 omnia
756 3008 802 3070 mi
816 3006 932 3072 forent.

35 3137 112 3204 Idem
126 3164 212 3208 nuno
226 3144 362 3210 retrahis
377 3147 409 3208 te
432 3165 469 3208 ac
490 3146 546 3208 tua
568 3142 652 3207 dicta
674 3141 782 3226 omnia
798 3142 944 3226 factaque

35 3220 146 3290 Ventos
168 3228 266 3292 inrita
286 3228 369 3292 ferre
391 3250 428 3293 ao
449 3228 582 3292 nebulas
604 3227 705 3292 aerias
728 3216 816 3291 sinis.
954 3239 987 3288 10

35 3356 64 3420 Si
77 3363 110 3424 tu
124 3363 242 3427 oblitus
258 3385 306 3446 es,
330 3367 364 3428 at
378 3365 410 3428 di
425 3364 654 3446 meminerunt,
670 3364 816 3427 meminit
829 3361 923 3426 Fides
928 3409 938 3443 ,

36 3440 112 3515 (luae
133 3451 165 3512 te
186 3451 223 3512 ut
243 3449 406 3533 paeniteat
426 3447 595 3532 postmodo
617 3449 695 3513 facti
716 3448 814 3511 faciet
833 3446 888 3508 tui.

429 3603 581 3613 -m
