<?xml version="1.0" encoding="UTF-8"?>
<!DOCTYPE html PUBLIC "-//W3C//DTD XHTML 1.0 Transitional//EN"
    "http://www.w3.org/TR/xhtml1/DTD/xhtml1-transitional.dtd">
<html xmlns="http://www.w3.org/1999/xhtml" xml:lang="en" lang="en">
 <head>
  <title>
</title>
<meta http-equiv="Content-Type" content="text/html;charset=utf-8" />
  <meta name='ocr-system' content='tesseract 3.04.00' />
  <meta name='ocr-capabilities' content='ocr_page ocr_carea ocr_par ocr_line ocrx_word'/>
</head>
<body>
  <div class='ocr_page' id='page_1' title='image "./catvllitibvllip00priagoog_0262.png"; bbox 0 0 2468 4036; ppageno 0'>
   <div class='ocr_carea' id='block_1_1' title="bbox 217 222 1181 298">
    <p class='ocr_par' dir='ltr' id='par_1_1' title="bbox 217 222 1181 298">
     <span class='ocr_line' id='line_1_1' title="bbox 217 222 1181 298; baseline -0.006 -12"><span class='ocrx_word' id='word_1_1' title='bbox 217 222 240 286; x_wconf 83' lang='lat'><strong><em>2</em></strong></span> <span class='ocrx_word' id='word_1_2' title='bbox 628 225 772 282; x_wconf 72' lang='lat' dir='ltr'>anunm</span> <span class='ocrx_word' id='word_1_3' title='bbox 1154 226 1181 298; x_wconf 79' lang='lat' dir='ltr'>[r</span> 
     </span>
    </p>
   </div>
   <div class='ocr_carea' id='block_1_2' title="bbox 235 388 1228 3494">
    <p class='ocr_par' dir='ltr' id='par_1_2' title="bbox 235 388 1228 3494">
     <span class='ocr_line' id='line_1_2' title="bbox 326 388 994 472; baseline 0.001 -18"><span class='ocrx_word' id='word_1_4' title='bbox 326 390 457 455; x_wconf 85' lang='lat' dir='ltr'>Terreat</span> <span class='ocrx_word' id='word_1_5' title='bbox 477 391 514 456; x_wconf 88' lang='lat' dir='ltr'>ut</span> <span class='ocrx_word' id='word_1_6' title='bbox 534 410 629 454; x_wconf 85' lang='lat' dir='ltr'>saeva</span> <span class='ocrx_word' id='word_1_7' title='bbox 649 389 731 452; x_wconf 73' lang='lat' dir='ltr'>falce</span> <span class='ocrx_word' id='word_1_8' title='bbox 753 388 888 472; x_wconf 83' lang='lat' dir='ltr'><strong>Priapus</strong></span> <span class='ocrx_word' id='word_1_9' title='bbox 909 411 994 455; x_wconf 87' lang='lat' dir='ltr'>aves.</span> 
     </span>
     <span class='ocr_line' id='line_1_3' title="bbox 236 473 1181 558; baseline 0.001 -22"><span class='ocrx_word' id='word_1_10' title='bbox 236 489 267 537; x_wconf 83' lang='lat'>13</span> <span class='ocrx_word' id='word_1_11' title='bbox 282 475 326 540; x_wconf 81' lang='lat' dir='ltr'>Et</span> <span class='ocrx_word' id='word_1_12' title='bbox 347 475 567 558; x_wconf 90' lang='lat' dir='ltr'>quodcumque</span> <span class='ocrx_word' id='word_1_13' title='bbox 588 473 669 538; x_wconf 86' lang='lat' dir='ltr'>mihi</span> <span class='ocrx_word' id='word_1_14' title='bbox 690 473 810 537; x_wconf 90' lang='lat' dir='ltr'>donum</span> <span class='ocrx_word' id='word_1_15' title='bbox 823 495 926 537; x_wconf 88' lang='lat' dir='ltr'>novus</span> <span class='ocrx_word' id='word_1_16' title='bbox 942 475 1054 538; x_wconf 86' lang='lat' dir='ltr'>educat</span> <span class='ocrx_word' id='word_1_17' title='bbox 1077 495 1181 556; x_wconf 84' lang='lat' dir='ltr'>annus,</span> 
     </span>
     <span class='ocr_line' id='line_1_4' title="bbox 326 557 1044 644; baseline 0 -21"><span class='ocrx_word' id='word_1_18' title='bbox 326 558 475 624; x_wconf 87' lang='lat' dir='ltr'>Libatum</span> <span class='ocrx_word' id='word_1_19' title='bbox 497 558 670 644; x_wconf 79' lang='lat' dir='ltr'>agricolam</span> <span class='ocrx_word' id='word_1_20' title='bbox 691 557 823 640; x_wconf 89' lang='lat' dir='ltr'>ponitur</span> <span class='ocrx_word' id='word_1_21' title='bbox 844 561 919 622; x_wconf 87' lang='lat' dir='ltr'>ante</span> <span class='ocrx_word' id='word_1_22' title='bbox 941 558 1044 622; x_wconf 87' lang='lat' dir='ltr'>deum.</span> 
     </span>
     <span class='ocr_line' id='line_1_5' title="bbox 236 642 1182 728; baseline 0.002 -24"><span class='ocrx_word' id='word_1_23' title='bbox 236 658 267 705; x_wconf 80' lang='lat'>19</span> <span class='ocrx_word' id='word_1_24' title='bbox 283 642 351 708; x_wconf 90' lang='lat' dir='ltr'>Vos</span> <span class='ocrx_word' id='word_1_25' title='bbox 371 665 512 728; x_wconf 90' lang='lat' dir='ltr'>quoque,</span> <span class='ocrx_word' id='word_1_26' title='bbox 535 642 638 707; x_wconf 88' lang='lat' dir='ltr'>felicis</span> <span class='ocrx_word' id='word_1_27' title='bbox 653 642 831 726; x_wconf 89' lang='lat' dir='ltr'>quondam,</span> <span class='ocrx_word' id='word_1_28' title='bbox 853 663 940 706; x_wconf 91' lang='lat' dir='ltr'>nunc</span> <span class='ocrx_word' id='word_1_29' title='bbox 954 643 1108 726; x_wconf 89' lang='lat' dir='ltr'>pauperis</span> <span class='ocrx_word' id='word_1_30' title='bbox 1123 643 1182 726; x_wconf 85' lang='lat' dir='ltr'>agri</span> 
     </span>
     <span class='ocr_line' id='line_1_6' title="bbox 235 725 1038 810; baseline -0.004 -18"><span class='ocrx_word' id='word_1_31' title='bbox 235 741 270 792; x_wconf 78' lang='lat'>20</span> <span class='ocrx_word' id='word_1_32' title='bbox 328 726 499 810; x_wconf 76' lang='lat' dir='ltr'>Custodes,</span> <span class='ocrx_word' id='word_1_33' title='bbox 521 726 611 790; x_wconf 86' lang='lat' dir='ltr'>fertis</span> <span class='ocrx_word' id='word_1_34' title='bbox 633 747 767 790; x_wconf 87' lang='lat' dir='ltr'>munera</span> <span class='ocrx_word' id='word_1_35' title='bbox 787 728 907 810; x_wconf 82' lang='lat' dir='ltr'>restra,</span> <span class='ocrx_word' id='word_1_36' title='bbox 930 725 1038 792; x_wconf 80' lang='lat' dir='ltr'>Lares,</span> 
     </span>
     <span class='ocr_line' id='line_1_7' title="bbox 285 810 1182 877; baseline -0.003 0"><span class='ocrx_word' id='word_1_37' title='bbox 285 813 376 877; x_wconf 85' lang='lat' dir='ltr'>Tunc</span> <span class='ocrx_word' id='word_1_38' title='bbox 397 813 498 875; x_wconf 84' lang='lat' dir='ltr'>vitula</span> <span class='ocrx_word' id='word_1_39' title='bbox 518 811 704 876; x_wconf 90' lang='lat' dir='ltr'>innumeros</span> <span class='ocrx_word' id='word_1_40' title='bbox 731 810 888 876; x_wconf 86' lang='lat' dir='ltr'>lustrabat</span> <span class='ocrx_word' id='word_1_41' title='bbox 909 833 1001 875; x_wconf 86' lang='lat' dir='ltr'>caesa</span> <span class='ocrx_word' id='word_1_42' title='bbox 1021 812 1182 876; x_wconf 87' lang='lat' dir='ltr'>iuvencos:</span> 
     </span>
     <span class='ocr_line' id='line_1_8' title="bbox 327 893 1028 980; baseline -0.003 -19"><span class='ocrx_word' id='word_1_43' title='bbox 327 897 423 962; x_wconf 88' lang='lat' dir='ltr'>Nunc</span> <span class='ocrx_word' id='word_1_44' title='bbox 445 917 530 980; x_wconf 84' lang='lat' dir='ltr'>agna</span> <span class='ocrx_word' id='word_1_45' title='bbox 551 895 688 980; x_wconf 79' lang='lat' dir='ltr'>exiguist</span> <span class='ocrx_word' id='word_1_46' title='bbox 709 893 816 958; x_wconf 84' lang='lat' dir='ltr'>hostia</span> <span class='ocrx_word' id='word_1_47' title='bbox 836 916 936 978; x_wconf 80' lang='lat' dir='ltr'>parva</span> <span class='ocrx_word' id='word_1_48' title='bbox 957 896 1028 959; x_wconf 85' lang='lat' dir='ltr'>soli.</span> 
     </span>
     <span class='ocr_line' id='line_1_9' title="bbox 286 966 1228 1126; baseline -0.004 -80"><span class='ocrx_word' id='word_1_49' title='bbox 286 983 382 1067; x_wconf 82' lang='lat' dir='ltr'><strong>Agna</strong></span> <span class='ocrx_word' id='word_1_50' title='bbox 404 981 495 1044; x_wconf 89' lang='lat' dir='ltr'>cadet</span> <span class='ocrx_word' id='word_1_51' title='bbox 515 979 621 1058; x_wconf 82' lang='lat' dir='ltr'>robis,</span> <span class='ocrx_word' id='word_1_52' title='bbox 648 1000 743 1064; x_wconf 88' lang='lat' dir='ltr'>quam</span> <span class='ocrx_word' id='word_1_53' title='bbox 766 980 885 1043; x_wconf 89' lang='lat' dir='ltr'>circum</span> <span class='ocrx_word' id='word_1_54' title='bbox 905 981 1026 1043; x_wconf 88' lang='lat' dir='ltr'>rustica</span> <span class='ocrx_word' id='word_1_55' title='bbox 1046 979 1149 1064; x_wconf 83' lang='lat' dir='ltr'>pubes</span> <span class='ocrx_word' id='word_1_56' title='bbox 1225 966 1228 1126; x_wconf 62' lang='grc'>1</span> 
     </span>
     <span class='ocr_line' id='line_1_10' title="bbox 330 1063 1045 1130; baseline -0.003 0"><span class='ocrx_word' id='word_1_57' title='bbox 330 1065 457 1130; x_wconf 81' lang='lat' dir='ltr'>Clamet</span> <span class='ocrx_word' id='word_1_58' title='bbox 478 1064 526 1128; x_wconf 77' lang='lat' dir='ltr'>‘io</span> <span class='ocrx_word' id='word_1_59' title='bbox 549 1085 668 1129; x_wconf 87' lang='lat' dir='ltr'>messes</span> <span class='ocrx_word' id='word_1_60' title='bbox 689 1066 722 1127; x_wconf 88' lang='lat' dir='ltr'>et</span> <span class='ocrx_word' id='word_1_61' title='bbox 743 1063 828 1128; x_wconf 85' lang='lat' dir='ltr'>bona</span> <span class='ocrx_word' id='word_1_62' title='bbox 848 1064 924 1127; x_wconf 85' lang='lat' dir='ltr'>vina</span> <span class='ocrx_word' id='word_1_63' title='bbox 945 1063 1045 1128; x_wconf 87' lang='lat' dir='ltr'>date&#39;.</span> 
     </span>
     <span class='ocr_line' id='line_1_11' title="bbox 236 1147 1154 1234; baseline 0 -22"><span class='ocrx_word' id='word_1_64' title='bbox 236 1163 271 1212; x_wconf 78' lang='lat'>85</span> <span class='ocrx_word' id='word_1_65' title='bbox 286 1149 349 1214; x_wconf 90' lang='lat' dir='ltr'>Hic</span> <span class='ocrx_word' id='word_1_66' title='bbox 371 1171 431 1234; x_wconf 84' lang='lat' dir='ltr'>ego</span> <span class='ocrx_word' id='word_1_67' title='bbox 452 1151 675 1232; x_wconf 75' lang='lat' dir='ltr'><strong>pastoremque</strong></span> <span class='ocrx_word' id='word_1_68' title='bbox 697 1169 803 1212; x_wconf 88' lang='lat' dir='ltr'>meum</span> <span class='ocrx_word' id='word_1_69' title='bbox 823 1148 959 1212; x_wconf 88' lang='lat' dir='ltr'>lustrare</span> <span class='ocrx_word' id='word_1_70' title='bbox 981 1147 1154 1231; x_wconf 75' lang='lat' dir='ltr'><strong>quotannis</strong></span> 
     </span>
     <span class='ocr_line' id='line_1_12' title="bbox 328 1231 1086 1317; baseline 0 -20"><span class='ocrx_word' id='word_1_71' title='bbox 328 1233 372 1298; x_wconf 84' lang='lat' dir='ltr'>Et</span> <span class='ocrx_word' id='word_1_72' title='bbox 392 1233 552 1315; x_wconf 82' lang='lat' dir='ltr'>placidam</span> <span class='ocrx_word' id='word_1_73' title='bbox 575 1232 662 1296; x_wconf 91' lang='lat' dir='ltr'>soleo</span> <span class='ocrx_word' id='word_1_74' title='bbox 686 1254 834 1317; x_wconf 83' lang='lat' dir='ltr'>spargere</span> <span class='ocrx_word' id='word_1_75' title='bbox 856 1233 939 1297; x_wconf 87' lang='lat' dir='ltr'>lactc</span> <span class='ocrx_word' id='word_1_76' title='bbox 960 1231 1086 1298; x_wconf 87' lang='lat' dir='ltr'>Palem.</span> 
     </span>
     <span class='ocr_line' id='line_1_13' title="bbox 286 1315 1228 1460; baseline 0 -80"><span class='ocrx_word' id='word_1_77' title='bbox 286 1317 423 1399; x_wconf 89' lang='lat' dir='ltr'>Adsitis,</span> <span class='ocrx_word' id='word_1_78' title='bbox 447 1315 526 1399; x_wconf 85' lang='lat' dir='ltr'>divi,</span> <span class='ocrx_word' id='word_1_79' title='bbox 549 1338 687 1380; x_wconf 81' lang='lat' dir='ltr'>necros</span> <span class='ocrx_word' id='word_1_80' title='bbox 709 1317 747 1380; x_wconf 90' lang='lat' dir='ltr'>dc</span> <span class='ocrx_word' id='word_1_81' title='bbox 768 1339 907 1400; x_wconf 87' lang='lat' dir='ltr'>paupere</span> <span class='ocrx_word' id='word_1_82' title='bbox 928 1337 1039 1381; x_wconf 85' lang='lat' dir='ltr'>mensa</span> <span class='ocrx_word' id='word_1_83' title='bbox 1226 1341 1228 1460; x_wconf 68' lang='lat' dir='ltr'>q</span> 
     </span>
     <span class='ocr_line' id='line_1_14' title="bbox 329 1400 995 1484; baseline 0.002 -20"><span class='ocrx_word' id='word_1_84' title='bbox 329 1401 423 1464; x_wconf 87' lang='lat' dir='ltr'>Dona</span> <span class='ocrx_word' id='word_1_85' title='bbox 443 1421 503 1464; x_wconf 92' lang='lat' dir='ltr'>nec</span> <span class='ocrx_word' id='word_1_86' title='bbox 524 1423 542 1464; x_wconf 93' lang='lat' dir='ltr'>e</span> <span class='ocrx_word' id='word_1_87' title='bbox 562 1400 649 1484; x_wconf 86' lang='lat' dir='ltr'>puris</span> <span class='ocrx_word' id='word_1_88' title='bbox 672 1401 813 1484; x_wconf 89' lang='lat' dir='ltr'>spernite</span> <span class='ocrx_word' id='word_1_89' title='bbox 833 1401 995 1466; x_wconf 87' lang='lat' dir='ltr'>fictilibus.</span> 
     </span>
     <span class='ocr_line' id='line_1_15' title="bbox 286 1485 1088 1570; baseline 0 -20"><span class='ocrx_word' id='word_1_90' title='bbox 286 1485 414 1563; x_wconf 73' lang='lat' dir='ltr'>Fictilia</span> <span class='ocrx_word' id='word_1_91' title='bbox 436 1485 585 1568; x_wconf 87' lang='lat' dir='ltr'>antiquus</span> <span class='ocrx_word' id='word_1_92' title='bbox 607 1485 745 1568; x_wconf 89' lang='lat' dir='ltr'>primum</span> <span class='ocrx_word' id='word_1_93' title='bbox 768 1485 830 1549; x_wconf 85' lang='lat' dir='ltr'>sibi</span> <span class='ocrx_word' id='word_1_94' title='bbox 850 1485 929 1549; x_wconf 89' lang='lat' dir='ltr'>fecit</span> <span class='ocrx_word' id='word_1_95' title='bbox 949 1485 1088 1570; x_wconf 83' lang='lat' dir='ltr'>agrestis</span> 
     </span>
     <span class='ocr_line' id='line_1_16' title="bbox 237 1569 984 1654; baseline 0 -20"><span class='ocrx_word' id='word_1_96' title='bbox 237 1583 272 1634; x_wconf 78' lang='lat'>40</span> <span class='ocrx_word' id='word_1_97' title='bbox 327 1570 461 1654; x_wconf 86' lang='lat' dir='ltr'>Pocula,</span> <span class='ocrx_word' id='word_1_98' title='bbox 485 1569 524 1633; x_wconf 90' lang='lat' dir='ltr'>de</span> <span class='ocrx_word' id='word_1_99' title='bbox 544 1569 633 1633; x_wconf 88' lang='lat' dir='ltr'>facili</span> <span class='ocrx_word' id='word_1_100' title='bbox 655 1570 885 1654; x_wconf 70' lang='lat' dir='ltr'>conposuitque</span> <span class='ocrx_word' id='word_1_101' title='bbox 905 1569 984 1634; x_wconf 87' lang='lat' dir='ltr'>luto.</span> 
     </span>
     <span class='ocr_line' id='line_1_17' title="bbox 286 1653 1119 1740; baseline -0.001 -20"><span class='ocrx_word' id='word_1_102' title='bbox 286 1655 363 1721; x_wconf 91' lang='lat' dir='ltr'>Non</span> <span class='ocrx_word' id='word_1_103' title='bbox 386 1677 445 1740; x_wconf 85' lang='lat' dir='ltr'>ego</span> <span class='ocrx_word' id='word_1_104' title='bbox 469 1654 596 1718; x_wconf 86' lang='lat' dir='ltr'>divitias</span> <span class='ocrx_word' id='word_1_105' title='bbox 618 1657 745 1738; x_wconf 90' lang='lat' dir='ltr'>patrum</span> <span class='ocrx_word' id='word_1_106' title='bbox 766 1653 950 1738; x_wconf 88' lang='lat' dir='ltr'>fructusque</span> <span class='ocrx_word' id='word_1_107' title='bbox 971 1655 1119 1738; x_wconf 85' lang='lat' dir='ltr'>requiro,</span> 
     </span>
     <span class='ocr_line' id='line_1_18' title="bbox 332 1726 1228 1821; baseline -0.002 -17"><span class='ocrx_word' id='word_1_108' title='bbox 332 1739 418 1816; x_wconf 79' lang='lat' dir='ltr'>Quos</span> <span class='ocrx_word' id='word_1_109' title='bbox 440 1739 515 1803; x_wconf 92' lang='lat' dir='ltr'>tulit</span> <span class='ocrx_word' id='word_1_110' title='bbox 536 1738 667 1821; x_wconf 88' lang='lat' dir='ltr'>antiquo</span> <span class='ocrx_word' id='word_1_111' title='bbox 691 1737 818 1802; x_wconf 86' lang='lat' dir='ltr'>condita</span> <span class='ocrx_word' id='word_1_112' title='bbox 839 1739 951 1803; x_wconf 89' lang='lat' dir='ltr'>messis</span> <span class='ocrx_word' id='word_1_113' title='bbox 972 1761 1047 1802; x_wconf 86' lang='lat' dir='ltr'>aro:</span> <span class='ocrx_word' id='word_1_114' title='bbox 1226 1726 1228 1815; x_wconf 75' lang='lat' dir='ltr'>l</span> 
     </span>
     <span class='ocr_line' id='line_1_19' title="bbox 287 1822 1181 1910; baseline -0.008 -21"><span class='ocrx_word' id='word_1_115' title='bbox 287 1825 391 1890; x_wconf 86' lang='lat' dir='ltr'>Parva</span> <span class='ocrx_word' id='word_1_116' title='bbox 412 1844 503 1910; x_wconf 82' lang='lat' dir='ltr'>seges</span> <span class='ocrx_word' id='word_1_117' title='bbox 527 1822 603 1887; x_wconf 84' lang='lat' dir='ltr'>satis</span> <span class='ocrx_word' id='word_1_118' title='bbox 626 1825 689 1906; x_wconf 88' lang='lat' dir='ltr'>est,</span> <span class='ocrx_word' id='word_1_119' title='bbox 713 1823 789 1886; x_wconf 88' lang='lat' dir='ltr'>satis</span> <span class='ocrx_word' id='word_1_120' title='bbox 808 1826 871 1906; x_wconf 91' lang='lat' dir='ltr'>est,</span> <span class='ocrx_word' id='word_1_121' title='bbox 893 1823 1093 1907; x_wconf 88' lang='lat' dir='ltr'>requiescere</span> <span class='ocrx_word' id='word_1_122' title='bbox 1108 1823 1181 1886; x_wconf 89' lang='lat' dir='ltr'>lecto</span> 
     </span>
     <span class='ocr_line' id='line_1_20' title="bbox 331 1908 1024 1974; baseline 0 -1"><span class='ocrx_word' id='word_1_123' title='bbox 331 1909 365 1974; x_wconf 84' lang='lat' dir='ltr'>Si</span> <span class='ocrx_word' id='word_1_124' title='bbox 386 1910 462 1973; x_wconf 88' lang='lat' dir='ltr'>licet</span> <span class='ocrx_word' id='word_1_125' title='bbox 483 1911 515 1973; x_wconf 90' lang='lat' dir='ltr'>et</span> <span class='ocrx_word' id='word_1_126' title='bbox 537 1908 631 1972; x_wconf 87' lang='lat' dir='ltr'>solito</span> <span class='ocrx_word' id='word_1_127' title='bbox 653 1908 796 1971; x_wconf 84' lang='lat' dir='ltr'>membra</span> <span class='ocrx_word' id='word_1_128' title='bbox 817 1909 922 1972; x_wconf 85' lang='lat' dir='ltr'>levare</span> <span class='ocrx_word' id='word_1_129' title='bbox 943 1912 1024 1973; x_wconf 88' lang='lat' dir='ltr'>toro.</span> 
     </span>
     <span class='ocr_line' id='line_1_21' title="bbox 238 1993 1227 2070; baseline 0.002 -14"><span class='ocrx_word' id='word_1_130' title='bbox 238 2006 272 2056; x_wconf 82' lang='lat'>45</span> <span class='ocrx_word' id='word_1_131' title='bbox 289 1993 391 2070; x_wconf 78' lang='lat' dir='ltr'>Quam</span> <span class='ocrx_word' id='word_1_132' title='bbox 412 1995 500 2057; x_wconf 87' lang='lat' dir='ltr'>iuvat</span> <span class='ocrx_word' id='word_1_133' title='bbox 520 1993 648 2056; x_wconf 88' lang='lat' dir='ltr'>inmites</span> <span class='ocrx_word' id='word_1_134' title='bbox 670 1995 782 2056; x_wconf 84' lang='lat' dir='ltr'>ventos</span> <span class='ocrx_word' id='word_1_135' title='bbox 805 1993 913 2056; x_wconf 87' lang='lat' dir='ltr'>audire</span> <span class='ocrx_word' id='word_1_136' title='bbox 935 1993 1108 2058; x_wconf 73' lang='lat' dir='ltr'>cubantem</span> <span class='ocrx_word' id='word_1_137' title='bbox 1226 2000 1227 2044; x_wconf 77' lang='lat' dir='ltr'>l</span> 
     </span>
     <span class='ocr_line' id='line_1_22' title="bbox 330 2077 981 2141; baseline 0.002 -1"><span class='ocrx_word' id='word_1_138' title='bbox 330 2077 374 2140; x_wconf 84' lang='lat' dir='ltr'>Ft</span> <span class='ocrx_word' id='word_1_139' title='bbox 395 2077 558 2141; x_wconf 88' lang='lat' dir='ltr'>dominam</span> <span class='ocrx_word' id='word_1_140' title='bbox 579 2080 689 2141; x_wconf 87' lang='lat' dir='ltr'>tenero</span> <span class='ocrx_word' id='word_1_141' title='bbox 712 2077 885 2141; x_wconf 85' lang='lat' dir='ltr'>detinuisse</span> <span class='ocrx_word' id='word_1_142' title='bbox 908 2077 981 2141; x_wconf 92' lang='lat' dir='ltr'>sinu</span> 
     </span>
     <span class='ocr_line' id='line_1_23' title="bbox 288 2161 1179 2246; baseline -0.004 -22"><span class='ocrx_word' id='word_1_143' title='bbox 288 2163 371 2244; x_wconf 85' lang='lat' dir='ltr'>Aut,</span> <span class='ocrx_word' id='word_1_144' title='bbox 393 2162 515 2246; x_wconf 82' lang='lat' dir='ltr'>gelidas</span> <span class='ocrx_word' id='word_1_145' title='bbox 536 2162 688 2226; x_wconf 88' lang='lat' dir='ltr'>hibernus</span> <span class='ocrx_word' id='word_1_146' title='bbox 710 2183 808 2244; x_wconf 86' lang='lat' dir='ltr'>aquas</span> <span class='ocrx_word' id='word_1_147' title='bbox 830 2162 913 2226; x_wconf 59' lang='lat' dir='ltr'>cumx</span> <span class='ocrx_word' id='word_1_148' title='bbox 923 2161 1041 2226; x_wconf 87' lang='lat' dir='ltr'>fuderit</span> <span class='ocrx_word' id='word_1_149' title='bbox 1054 2161 1179 2240; x_wconf 84' lang='lat' dir='ltr'>Auster,</span> 
     </span>
     <span class='ocr_line' id='line_1_24' title="bbox 332 2245 1035 2329; baseline 0.006 -21"><span class='ocrx_word' id='word_1_150' title='bbox 332 2245 483 2309; x_wconf 82' lang='lat' dir='ltr'>Securum</span> <span class='ocrx_word' id='word_1_151' title='bbox 505 2267 634 2310; x_wconf 88' lang='lat' dir='ltr'>somnos</span> <span class='ocrx_word' id='word_1_152' title='bbox 656 2245 757 2310; x_wconf 89' lang='lat' dir='ltr'>imbre</span> <span class='ocrx_word' id='word_1_153' title='bbox 778 2247 907 2310; x_wconf 85' lang='lat' dir='ltr'>iuvante</span> <span class='ocrx_word' id='word_1_154' title='bbox 931 2247 1035 2329; x_wconf 85' lang='lat' dir='ltr'>sequi!</span> 
     </span>
     <span class='ocr_line' id='line_1_25' title="bbox 289 2328 1108 2415; baseline 0.005 -23"><span class='ocrx_word' id='word_1_155' title='bbox 289 2329 360 2394; x_wconf 92' lang='lat' dir='ltr'>Hoc</span> <span class='ocrx_word' id='word_1_156' title='bbox 381 2328 460 2392; x_wconf 89' lang='lat' dir='ltr'>mihi</span> <span class='ocrx_word' id='word_1_157' title='bbox 483 2330 663 2415; x_wconf 86' lang='lat' dir='ltr'>contingat:</span> <span class='ocrx_word' id='word_1_158' title='bbox 686 2331 728 2394; x_wconf 89' lang='lat' dir='ltr'>sit</span> <span class='ocrx_word' id='word_1_159' title='bbox 749 2331 835 2395; x_wconf 84' lang='lat' dir='ltr'>dives</span> <span class='ocrx_word' id='word_1_160' title='bbox 857 2331 944 2413; x_wconf 87' lang='lat' dir='ltr'>iure,</span> <span class='ocrx_word' id='word_1_161' title='bbox 966 2331 1108 2396; x_wconf 85' lang='lat' dir='ltr'>furorem</span> 
     </span>
     <span class='ocr_line' id='line_1_26' title="bbox 239 2413 1083 2499; baseline 0.006 -23"><span class='ocrx_word' id='word_1_162' title='bbox 239 2427 273 2477; x_wconf 79' lang='lat'>50</span> <span class='ocrx_word' id='word_1_163' title='bbox 331 2413 392 2490; x_wconf 77' lang='lat' dir='ltr'>Qui</span> <span class='ocrx_word' id='word_1_164' title='bbox 413 2415 510 2477; x_wconf 87' lang='lat' dir='ltr'>maris</span> <span class='ocrx_word' id='word_1_165' title='bbox 532 2418 565 2477; x_wconf 89' lang='lat' dir='ltr'>et</span> <span class='ocrx_word' id='word_1_166' title='bbox 585 2416 693 2479; x_wconf 86' lang='lat' dir='ltr'>tristes</span> <span class='ocrx_word' id='word_1_167' title='bbox 714 2415 798 2480; x_wconf 88' lang='lat' dir='ltr'>ferre</span> <span class='ocrx_word' id='word_1_168' title='bbox 820 2418 927 2498; x_wconf 90' lang='lat' dir='ltr'>potest</span> <span class='ocrx_word' id='word_1_169' title='bbox 948 2416 1083 2499; x_wconf 79' lang='lat' dir='ltr'>pluvias.</span> 
     </span>
     <span class='ocr_line' id='line_1_27' title="bbox 290 2497 1131 2586; baseline 0.001 -23"><span class='ocrx_word' id='word_1_170' title='bbox 290 2497 317 2563; x_wconf 91' lang='grc' dir='ltr'><strong>Ο</strong></span> <span class='ocrx_word' id='word_1_171' title='bbox 340 2501 526 2582; x_wconf 89' lang='lat' dir='ltr'>quantumst</span> <span class='ocrx_word' id='word_1_172' title='bbox 547 2499 615 2563; x_wconf 85' lang='lat' dir='ltr'>auri</span> <span class='ocrx_word' id='word_1_173' title='bbox 636 2499 743 2582; x_wconf 88' lang='lat' dir='ltr'>potius</span> <span class='ocrx_word' id='word_1_174' title='bbox 764 2503 934 2584; x_wconf 90' lang='lat' dir='ltr'>pereatque</span> <span class='ocrx_word' id='word_1_175' title='bbox 956 2499 1131 2586; x_wconf 84' lang='lat' dir='ltr'>smaragdi,</span> 
     </span>
     <span class='ocr_line' id='line_1_28' title="bbox 332 2583 1054 2668; baseline 0.004 -22"><span class='ocrx_word' id='word_1_176' title='bbox 332 2583 433 2660; x_wconf 79' lang='lat' dir='ltr'>Quam</span> <span class='ocrx_word' id='word_1_177' title='bbox 454 2583 529 2647; x_wconf 88' lang='lat' dir='ltr'>fleat</span> <span class='ocrx_word' id='word_1_178' title='bbox 551 2583 591 2648; x_wconf 93' lang='lat' dir='ltr'>ob</span> <span class='ocrx_word' id='word_1_179' title='bbox 613 2589 738 2649; x_wconf 89' lang='lat' dir='ltr'>nostras</span> <span class='ocrx_word' id='word_1_180' title='bbox 759 2585 827 2649; x_wconf 85' lang='lat' dir='ltr'>nlla</span> <span class='ocrx_word' id='word_1_181' title='bbox 847 2585 954 2668; x_wconf 89' lang='lat' dir='ltr'>puella</span> <span class='ocrx_word' id='word_1_182' title='bbox 975 2585 1054 2649; x_wconf 80' lang='lat' dir='ltr'>vias.</span> 
     </span>
     <span class='ocr_line' id='line_1_29' title="bbox 289 2668 1074 2754; baseline 0.003 -22"><span class='ocrx_word' id='word_1_183' title='bbox 289 2668 333 2733; x_wconf 84' lang='lat' dir='ltr'>Te</span> <span class='ocrx_word' id='word_1_184' title='bbox 356 2668 473 2732; x_wconf 88' lang='lat' dir='ltr'>bellare</span> <span class='ocrx_word' id='word_1_185' title='bbox 496 2669 587 2733; x_wconf 89' lang='lat' dir='ltr'>decet</span> <span class='ocrx_word' id='word_1_186' title='bbox 606 2671 691 2734; x_wconf 86' lang='lat' dir='ltr'>terra</span> <span class='ocrx_word' id='word_1_187' title='bbox 698 2719 709 2754; x_wconf 89' lang='lat'>,</span> <span class='ocrx_word' id='word_1_188' title='bbox 730 2669 894 2753; x_wconf 87' lang='lat' dir='ltr'>Messalla,</span> <span class='ocrx_word' id='word_1_189' title='bbox 917 2670 1074 2753; x_wconf 89' lang='lat' dir='ltr'>marique,</span> 
     </span>
     <span class='ocr_line' id='line_1_30' title="bbox 330 2753 1007 2838; baseline 0.001 -21"><span class='ocrx_word' id='word_1_190' title='bbox 330 2753 376 2818; x_wconf 88' lang='lat' dir='ltr'>Vt</span> <span class='ocrx_word' id='word_1_191' title='bbox 397 2753 508 2817; x_wconf 91' lang='lat' dir='ltr'>domus</span> <span class='ocrx_word' id='word_1_192' title='bbox 530 2753 664 2818; x_wconf 90' lang='lat' dir='ltr'>hostiles</span> <span class='ocrx_word' id='word_1_193' title='bbox 685 2753 845 2838; x_wconf 84' lang='lat' dir='ltr'>praeferat</span> <span class='ocrx_word' id='word_1_194' title='bbox 866 2755 1007 2818; x_wconf 84' lang='lat' dir='ltr'>exuvias:</span> 
     </span>
     <span class='ocr_line' id='line_1_31' title="bbox 240 2837 1110 2923; baseline 0 -21"><span class='ocrx_word' id='word_1_195' title='bbox 240 2852 273 2902; x_wconf 79' lang='lat'>55</span> <span class='ocrx_word' id='word_1_196' title='bbox 288 2839 342 2904; x_wconf 86' lang='lat' dir='ltr'>Mc</span> <span class='ocrx_word' id='word_1_197' title='bbox 363 2839 503 2902; x_wconf 90' lang='lat' dir='ltr'>retinent</span> <span class='ocrx_word' id='word_1_198' title='bbox 523 2838 642 2902; x_wconf 88' lang='lat' dir='ltr'>victum</span> <span class='ocrx_word' id='word_1_199' title='bbox 663 2839 822 2903; x_wconf 88' lang='lat' dir='ltr'>formosae</span> <span class='ocrx_word' id='word_1_200' title='bbox 844 2839 949 2903; x_wconf 89' lang='lat' dir='ltr'>vin&#39;cla</span> <span class='ocrx_word' id='word_1_201' title='bbox 969 2837 1110 2923; x_wconf 88' lang='lat' dir='ltr'>puellae,</span> 
     </span>
     <span class='ocr_line' id='line_1_32' title="bbox 330 2922 958 2989; baseline 0 -1"><span class='ocrx_word' id='word_1_202' title='bbox 330 2923 375 2988; x_wconf 82' lang='lat' dir='ltr'>Et</span> <span class='ocrx_word' id='word_1_203' title='bbox 397 2924 490 2988; x_wconf 87' lang='lat' dir='ltr'>sedeo</span> <span class='ocrx_word' id='word_1_204' title='bbox 513 2922 607 2987; x_wconf 86' lang='lat' dir='ltr'>duras</span> <span class='ocrx_word' id='word_1_205' title='bbox 629 2923 746 2986; x_wconf 87' lang='lat' dir='ltr'>ianitor</span> <span class='ocrx_word' id='word_1_206' title='bbox 768 2926 842 2988; x_wconf 92' lang='lat' dir='ltr'>ante</span> <span class='ocrx_word' id='word_1_207' title='bbox 863 2923 958 2989; x_wconf 81' lang='lat' dir='ltr'>fores</span> 
     </span>
     <span class='ocr_line' id='line_1_33' title="bbox 289 3008 1054 3094; baseline -0.003 -20"><span class='ocrx_word' id='word_1_208' title='bbox 289 3008 366 3074; x_wconf 90' lang='lat' dir='ltr'>Non</span> <span class='ocrx_word' id='word_1_209' title='bbox 388 3029 447 3094; x_wconf 83' lang='lat' dir='ltr'>ego</span> <span class='ocrx_word' id='word_1_210' title='bbox 470 3008 592 3071; x_wconf 88' lang='lat' dir='ltr'>laudari</span> <span class='ocrx_word' id='word_1_211' title='bbox 615 3029 704 3090; x_wconf 86' lang='lat' dir='ltr'>curo,</span> <span class='ocrx_word' id='word_1_212' title='bbox 727 3029 798 3072; x_wconf 87' lang='lat' dir='ltr'>mea</span> <span class='ocrx_word' id='word_1_213' title='bbox 819 3008 927 3072; x_wconf 85' lang='lat' dir='ltr'>Delia:</span> <span class='ocrx_word' id='word_1_214' title='bbox 948 3011 1054 3072; x_wconf 84' lang='lat' dir='ltr'>tecum</span> 
     </span>
     <span class='ocr_line' id='line_1_34' title="bbox 331 3092 1177 3178; baseline -0.008 -22"><span class='ocrx_word' id='word_1_215' title='bbox 331 3092 417 3156; x_wconf 91' lang='lat' dir='ltr'>Dum</span> <span class='ocrx_word' id='word_1_216' title='bbox 438 3093 532 3156; x_wconf 92' lang='lat' dir='ltr'>modo</span> <span class='ocrx_word' id='word_1_217' title='bbox 556 3094 631 3175; x_wconf 90' lang='lat' dir='ltr'>sim,</span> <span class='ocrx_word' id='word_1_218' title='bbox 655 3114 771 3176; x_wconf 88' lang='lat' dir='ltr'>quaeso</span> <span class='ocrx_word' id='word_1_219' title='bbox 792 3093 899 3178; x_wconf 84' lang='lat' dir='ltr'>segnis</span> <span class='ocrx_word' id='word_1_220' title='bbox 922 3093 1069 3176; x_wconf 87' lang='lat' dir='ltr'>inersque</span> <span class='ocrx_word' id='word_1_221' title='bbox 1085 3107 1177 3155; x_wconf 84' lang='lat' dir='ltr'>vocer.</span> 
     </span>
     <span class='ocr_line' id='line_1_35' title="bbox 290 3175 1133 3261; baseline 0.001 -23"><span class='ocrx_word' id='word_1_222' title='bbox 290 3175 334 3239; x_wconf 84' lang='lat' dir='ltr'>Te</span> <span class='ocrx_word' id='word_1_223' title='bbox 358 3180 513 3260; x_wconf 89' lang='lat' dir='ltr'>spectem,</span> <span class='ocrx_word' id='word_1_224' title='bbox 536 3199 683 3261; x_wconf 86' lang='lat' dir='ltr'>suprema</span> <span class='ocrx_word' id='word_1_225' title='bbox 703 3177 783 3241; x_wconf 91' lang='lat' dir='ltr'>mihi</span> <span class='ocrx_word' id='word_1_226' title='bbox 805 3199 877 3241; x_wconf 90' lang='lat' dir='ltr'>cum</span> <span class='ocrx_word' id='word_1_227' title='bbox 898 3177 1022 3244; x_wconf 87' lang='lat' dir='ltr'>venerit</span> <span class='ocrx_word' id='word_1_228' title='bbox 1042 3176 1133 3258; x_wconf 90' lang='lat' dir='ltr'>hora,</span> 
     </span>
     <span class='ocr_line' id='line_1_36' title="bbox 239 3259 1001 3326; baseline 0.004 -4"><span class='ocrx_word' id='word_1_229' title='bbox 239 3272 275 3323; x_wconf 76' lang='lat'>60</span> <span class='ocrx_word' id='word_1_230' title='bbox 332 3259 376 3322; x_wconf 81' lang='lat' dir='ltr'>Te</span> <span class='ocrx_word' id='word_1_231' title='bbox 397 3262 525 3324; x_wconf 87' lang='lat' dir='ltr'>teneam</span> <span class='ocrx_word' id='word_1_232' title='bbox 545 3261 684 3325; x_wconf 88' lang='lat' dir='ltr'>moriens</span> <span class='ocrx_word' id='word_1_233' title='bbox 707 3261 872 3326; x_wconf 87' lang='lat' dir='ltr'>deficiente</span> <span class='ocrx_word' id='word_1_234' title='bbox 894 3283 1001 3326; x_wconf 88' lang='lat' dir='ltr'>manu.</span> 
     </span>
     <span class='ocr_line' id='line_1_37' title="bbox 289 3343 1082 3430; baseline 0.001 -23"><span class='ocrx_word' id='word_1_235' title='bbox 289 3343 396 3408; x_wconf 87' lang='lat' dir='ltr'>Flebis</span> <span class='ocrx_word' id='word_1_236' title='bbox 419 3347 451 3406; x_wconf 93' lang='lat' dir='ltr'>et</span> <span class='ocrx_word' id='word_1_237' title='bbox 472 3365 582 3408; x_wconf 86' lang='lat' dir='ltr'>arsuro</span> <span class='ocrx_word' id='word_1_238' title='bbox 604 3347 744 3428; x_wconf 90' lang='lat' dir='ltr'>positum</span> <span class='ocrx_word' id='word_1_239' title='bbox 765 3369 831 3430; x_wconf 90' lang='lat' dir='ltr'>me,</span> <span class='ocrx_word' id='word_1_240' title='bbox 854 3346 962 3428; x_wconf 86' lang='lat' dir='ltr'>Delia,</span> <span class='ocrx_word' id='word_1_241' title='bbox 984 3346 1082 3428; x_wconf 90' lang='lat' dir='ltr'>lecto,</span> 
     </span>
     <span class='ocr_line' id='line_1_38' title="bbox 333 3426 1077 3494; baseline 0.005 -4"><span class='ocrx_word' id='word_1_242' title='bbox 333 3426 490 3490; x_wconf 84' lang='lat' dir='ltr'>Tristibus</span> <span class='ocrx_word' id='word_1_243' title='bbox 513 3431 544 3490; x_wconf 90' lang='lat' dir='ltr'>et</span> <span class='ocrx_word' id='word_1_244' title='bbox 565 3429 704 3492; x_wconf 89' lang='lat' dir='ltr'>lacrimis</span> <span class='ocrx_word' id='word_1_245' title='bbox 727 3432 835 3494; x_wconf 85' lang='lat' dir='ltr'>oscula</span> <span class='ocrx_word' id='word_1_246' title='bbox 856 3431 957 3493; x_wconf 85' lang='lat' dir='ltr'>mixta</span> <span class='ocrx_word' id='word_1_247' title='bbox 979 3430 1077 3494; x_wconf 84' lang='lat' dir='ltr'>dabis</span> 
     </span>
    </p>
   </div>
   <div class='ocr_carea' id='block_1_3' title="bbox 289 3508 1083 3596">
    <p class='ocr_par' dir='ltr' id='par_1_3' title="bbox 289 3508 1083 3596">
     <span class='ocr_line' id='line_1_39' title="bbox 289 3508 1083 3596; baseline 0.004 -23"><span class='ocrx_word' id='word_1_248' title='bbox 289 3510 412 3574; x_wconf 88' lang='lat' dir='ltr'>Flebis:</span> <span class='ocrx_word' id='word_1_249' title='bbox 434 3531 501 3574; x_wconf 92' lang='lat' dir='ltr'>non</span> <span class='ocrx_word' id='word_1_250' title='bbox 522 3513 578 3573; x_wconf 86' lang='lat' dir='ltr'>tua</span> <span class='ocrx_word' id='word_1_251' title='bbox 599 3516 674 3575; x_wconf 88' lang='lat' dir='ltr'>sunt</span> <span class='ocrx_word' id='word_1_252' title='bbox 696 3508 777 3576; x_wconf 80' lang='lat' dir='ltr'>duro&#39;</span> <span class='ocrx_word' id='word_1_253' title='bbox 795 3513 980 3596; x_wconf 88' lang='lat' dir='ltr'>praecordia</span> <span class='ocrx_word' id='word_1_254' title='bbox 1000 3513 1083 3578; x_wconf 87' lang='lat' dir='ltr'>ferro</span> 
     </span>
    </p>
   </div>
   <div class='ocr_carea' id='block_1_4' title="bbox 0 0 1245 4036">
    <p class='ocr_par' dir='ltr' id='par_1_4' title="bbox 0 0 1245 4036">
     <span class='ocr_line' id='line_1_40' title="bbox 0 0 1245 4036; baseline 0 0"><span class='ocrx_word' id='word_1_255' title='bbox 0 0 1245 4036; x_wconf 95' lang='lat' dir='ltr'> </span> 
     </span>
    </p>
   </div>
  </div>
 </body>
</html>
