2492 4022
206 261 250 328 80
624 260 749 316 LAEVII

225 435 242 484 8
258 427 381 495 impete’
420 441 450 478 ro
469 424 620 493 ‘impetu'3
638 423 707 477 item
725 421 801 499 quod
814 423 996 478 ‘fortescere’
1013 423 1116 492 posuit
1127 439 1181 492 pio

225 503 241 552 9
260 496 377 548 ‘fortem
409 492 465 548 eri’
479 491 610 559 quodque
624 491 801 544 ‘dolentiam‘
813 507 865 559 pro
879 490 999 545 ‘dolore’
1018 495 1048 545 ct
1063 500 1182 546 ‘avens’

210 569 242 618 ¹⁰
259 558 805 696 titteli‘lbgiilitlt.tiitil
825 558 1107 692 litteratis
1126 575 1182 694 {lt

261 696 422 750 ‘manibus’
441 668 475 750 et'
495 695 571 770 quis
592 695 662 746 tam
683 666 823 747 siliceo’?
858 666 1054 760 ltem’fiere,
1071 693 1181 760 inquit,

211 771 242 820 11
260 763 424 842 inpendio
442 762 545 838 infit,
553 759 584 814 id
601 764 644 815 cst
662 760 738 814 ‘fieri
754 760 871 829 inpense
888 760 1016 830 incipit’3
1040 762 1181 828 quodque

210 905 243 954 12
261 830 628 975 acpplpippptiptpsmpippp
643 827 793 951 iiiiiieiim
814 895 1065 973 Laevianorum
1087 896 1180 951 adno-

213 973 245 1021 13
262 965 426 1020 tatiuncuhs
444 963 664 1018 oblectabamur.
688 963 788 1018 Cetera
805 979 894 1030 enim,
913 979 986 1031 quae
1004 963 1182 1018 videbantur

262 1033 380 1087 nimium
397 1031 511 1100 poetica
534 1033 563 1084 et
599 1046 679 1085 rosae
696 1031 829 1084 orationis
852 1048 904 1084 usu
924 1030 1072 1097 alieniora,
1092 1047 1180 1100 prae·

261 1099 444 1164 termisimus;
462 1097 552 1152 veluti
580 1097 634 1165 uit,
653 1099 729 1164 quod
747 1098 782 1152 ds
800 1098 918 1152 Nestore
937 1097 977 1152 ait
995 1098 1180 1154 ‘trisaeclisc-

211 1174 244 1223 14
260 1175 327 1220 nex’
346 1169 374 1220 et
393 1165 644 1232 dulcorelocus,
669 1166 739 1219 iterii
767 1165 844 1234 quod
867 1166 902 1220 de
920 1165 1035 1219 tumidis
1052 1167 1181 1234 magnis-

214 1240 246 1289 15
264 1250 319 1302 que
336 1231 577 1309 fiuctibuslinquit
594 1233 826 1302 ‘muffltigrumis'
845 1233 875 1286 et
896 1233 1011 1286 flumina
1027 1233 1093 1301 gelu
1112 1249 1180 1309 coii-

213 1308 246 1356 16
264 1303 342 1355 oreta
358 1301 525 1368 tegimine
542 1316 603 1353 esse
615 1300 781 1368 onychino
796 1301 869 1354 dixit
882 1302 911 1354 et
922 1316 994 1378 quae
1006 1300 1182 1370 multiphcia

262 1369 361 1423 ludens
379 1367 537 1436 conposuit,
557 1367 640 1435 quale
658 1368 730 1420 illud
748 1370 802 1434 est,
840 1367 897 1422 uod
913 1370 1093 1437 vituperones
1111 1384 1181 1438 suos

265 1435 411 1490 ‘subducti
429 1433 561 1504 supercili
578 1436 736 1503 carptores’
756 1452 828 1504 appe
854 1435 919 1491 avit.

261 1535 340 1590 Haec
357 1536 451 1591 omnia
468 1551 503 1590 ex
522 1535 622 1589 eodem
639 1553 703 1590 cuin
719 1537 812 1604 petita
833 1537 890 1590 sint
906 1537 1041 1604 carmine,
1065 1537 1101 1591 de
1121 1553 1181 1604 qna

214 1621 246 1660 re
274 1620 330 1658 non
358 1603 426 1658 licet
456 1602 591 1669 dubitari,
622 1603 677 1657 nisi
705 1605 755 1658 aut
779 1604 924 1660 socordiae
953 1620 1064 1658 omnem
1091 1605 1180 1658 fidem
1241 1617 1242 1666 ξ

210 1672 371 1750 soporantis
396 1671 585 1749 incusabimus
615 1670 738 1749 Gellium
769 1673 819 1726 aut
843 1671 1020 1750 foedissimae
1046 1671 1181 1750 librarios

214 1758 273 1863 ἓξὲξ
291 1740 495 1886 ittittllt
508 1739 1182 1885 tiiltlstitueretursolatii

209 1876 352 1930 amatoria
368 1892 456 1945 ipsius
477 1889 601 1928 carmina
618 1875 776 1942 carperent,
796 1873 896 1930 deinde
918 1875 1083 1944 opusculum
1106 1875 1182 1928 illud

212 1943 290 1997 haud
308 1959 374 1998 sane
391 1942 474 2012 parvi
486 1941 576 2019 “fuisse
601 1942 723 2019 ambitus
747 1943 776 1996 et
793 1943 927 1997 refertum
950 1941 1181 2020 digressionibus.

213 2011 251 2064 Et
267 2009 423 2064 Memnonis
445 2009 560 2077 quidem
580 2025 715 2063 memoria
737 2026 800 2062 cuin
818 2012 943 2064 Aurorae
961 2007 1075 2064 videtur
1092 2011 1181 2064 fuisse

210 2078 317 2130 iuncta.
341 2077 467 2131 Nestoris
485 2077 604 2143 mentio,
622 2077 651 2130 in
669 2093 726 2144 qua
743 2093 877 2146 agnosces
889 2077 1004 2132 Homeri
1021 2077 1182 2132 studiosum

214 2145 261 2216 [Il.
280 2145 305 2209 l,
324 2144 486 2214 247-252]‚
507 2145 556 2212 qui
572 2144 696 2198 incidere
713 2145 838 2213 potuerit
858 2145 941 2200 l'acile
964 2147 1096 2214 apparet,
1116 2162 1182 2198 cum

210 2211 352 2281 patruelis
378 2211 465 2265 fucrit
489 2212 617 2266 Alcestis.
661 2212 792 2267 Ceterum
817 2229 873 2266 non
899 2213 935 2266 ad
959 2212 1035 2266 bunc
1063 2212 1114 2266 sed
1144 2213 1182 2266 ad

217 2279 332 2334 Admeti
343 2279 453 2347 patrem
466 2280 590 2345 pertinet
603 2280 813 2348 anapaesticum
824 2279 896 2333 illud
909 2289 1040 2348 ‘corpore
1051 2282 1182 2348 pectore-

216 2354 288 2423 que’
308 2362 331 2399 e.
350 2361 377 2422 q.
394 2361 415 2398 s.
449 2347 577 2466 Apparet
599 2350 694 2401 autem
716 2347 764 2402 vel
784 2347 838 2402 hac
855 2347 910 2402 oda
931 2363 1017 2416 quani
1039 2346 1182 2402 multifor-

210 2431 269 2468 mis
285 2414 382 2466 metris
401 2414 488 2466 fuerit
526 2453 532 2467 .

265 2513 308 2593 De
330 2513 492 2569 coniectura
513 2515 672 2594 scripsimus
694 2534 805 2588 paragr.
826 2527 841 2574 3
864 2516 1106 2596 ‘tardigenuclus’
1129 2535 1183 2588 pre
1240 2489 1241 2572 i

211 2583 436 2652 ·‘tardigenulo’,
465 2589 497 2639 10
523 2583 680 2638 ‘manichs’
707 2601 758 2654 pro
784 2587 929 2640 manciohs
952 2592 991 2654 (in
1016 2585 1092 2639 arch.
1120 2589 1185 2640 erat
1240 2601 1241 2668 p

210 2684 246 2740 ni
262 2683 346 2740 fallor
358 2663 529 2752 ‘manitilis’)
548 2685 577 2738 et
594 2692 625 2740 13
638 2687 863 2742 ‘dulcorelocus’
875 2703 926 2756 pro
945 2686 1183 2740 ‘dulcioreloous’

215 2754 247 2808 et
265 2752 427 2820 ‘supercili’
450 2769 501 2822 pro
521 2753 703 2830 ‘supercilii'.
739 2755 860 2824 Longior
877 2754 951 2808 enim
969 2755 1059 2808 fornia
1077 2754 1183 2809 Varro-

216 2823 259 2875 nis
277 2821 367 2875 aetati
382 2837 438 2874 non
455 2820 599 2887 convemt;
638 2823 694 2876 uod
712 2825 809 2878 contra
826 2826 902 2877 recte
915 2822 1003 2876 habet
1019 2822 1048 2876 iii
1059 2821 1183 2892 Priapes

209 2895 263 2956 -49,
281 2898 297 2946 3
315 2905 356 2956 sq.
375 2897 447 2942 ‘nori
469 2889 512 2943 est
528 2889 606 2942 ment
637 2907 654 2943 a
676 2890 807 2945 subducti
828 2893 924 2944 nostra
947 2889 1115 2959 supercilii‘,
1134 2889 1184 2943 ubi

217 2973 354 3010 memores
370 2956 486 3030 fuerunt
502 2954 600 3010 Laevii
617 2959 767 3012 verborum
783 2959 960 3034 interpretes.
994 2957 1184 3012 Buechelerus

219 3025 326 3100 autem·
354 3025 418 3077 utat
439 3024 513 3078 hunc
536 3039 591 3078 uno
618 3027 755 3104 vocabulo
779 3026 912 3081 extulisse
933 3025 1006 3103 illud
1033 3025 1185 3079 ‘subducti

212 3107 325 3234 iiiii.
342 3092 1097 3235 scortisariuscleritatu
1117 3093 1184 3228 ..tr
1239 3215 1240 3230 .

218 3241 341 3279 oemiuin
357 3224 478 3301 Alcestis
495 3227 594 3280 eodem
611 3231 701 3284 metro
719 3245 775 3297 quo
797 3227 848 3282 illa
873 3243 989 3297 corpore
1010 3229 1183 3296 pectoreque

217 3311 242 3346 e.
261 3308 288 3359 q.
307 3309 334 3368 s..
346 3294 508 3368 composita.
544 3294 674 3352 Ceterum
691 3296 830 3351 lubricum
848 3296 902 3351 erit
923 3297 953 3349 et
970 3295 1050 3349 aleae
1066 3295 1183 3362 plenum
1239 3337 1240 3368 ,

219 3377 254 3435 eii
273 3362 366 3426 capite
379 3358 464 3411 Gelhi
482 3361 559 3478 fluod
576 3380 660 3432 supra
676 3364 810 3442 posuiude
829 3363 958 3418 universo
971 3362 1101 3441 dictionis
1113 3361 1183 3440 Lae-
1239 3387 1240 3476 p

219 3441 319 3478 vianae
332 3441 434 3493 genere
447 3441 481 3478 ve
506 3443 520 3479 e
533 3430 668 3498 statuere,
687 3447 750 3486 cum
761 3431 823 3496 ille,
841 3433 873 3484 ut
884 3447 940 3484 nori
952 3433 1019 3483 satis
1030 3431 1184 3483 innutritus

214 3491 334 3570 lectioni
355 3493 614 3570 poetarum,·certe
638 3499 853 3566 dactylicoruni,
875 3498 951 3574 haud
974 3513 1065 3566 pauca
1081 3497 1185 3575 afferat
1239 3495 1240 3552 l

213 3563 253 3614 ut
269 3575 340 3614 mira
358 3562 386 3612 et
398 3559 561 3630 singularia,
579 3581 652 3632 quae
665 3565 740 3633 apud
751 3563 901 3633 plerosque
914 3566 982 3620 alios
995 3566 1185 3619 inveniuntur.
1239 3557 1240 3597 l
