2470 4010
420 232 633 292 PRAEFATIO.
892 243 1015 294 nxxvn

58 403 246 465 Alexandrini
267 403 373 478 poetae
396 405 428 462 ct
447 401 540 462 secuti
561 419 611 462 eos
626 401 725 462 Latini
740 402 895 463 elisionem
909 402 1015 461 admit·

58 493 152 548 terent
164 490 233 564 post
246 489 362 548 60110111
377 485 487 546 thesin.
510 485 546 544 Id
562 485 640 561 apud
655 485 806 546 Catullum
820 487 852 546 in
867 487 1016 548 continuis

58 573 230 632 hexametris
250 570 363 632 factum
379 571 428 642 64,
445 571 516 642 998,
533 571 552 629 9
575 569 689 630 ‘sancta
703 589 769 629 cum
784 573 910 648 coniuge
924 572 1015 630 natis·

57 676 106 731 que
127 656 258 717 advenit'
280 657 311 714 et
329 656 362 714 in
382 654 515 714 distichis
533 655 602 726 115,
619 655 649 727 5,
666 657 684 713 6
700 653 864 730 ‘saltusque
879 655 1016 731 paludes·

57 760 107 815 oue
128 740 279 816 usquead
297 738 537 814 Hyperboreos'3
559 737 689 799 admissa
708 739 889 814 synaloephe
903 740 960 799 ista
981 743 1018 798 ut

57 827 228 900 plerumque
243 824 276 884 in
291 823 428 884 enclitica
441 839 504 897 quo.

116 909 174 968 Sed
187 909 221 968 in
234 908 342 966 11161110
356 907 444 966 metri
459 905 574 984 syllaba
586 924 647 968 non
661 907 801 984 probavit
815 905 950 968 Catullus
965 907 1016 966 eli·

57 994 166 1053 sionem
189 991 240 1068 (de
260 1009 320 1067 qua
340 1009 372 1050 rc
392 992 452 1050 iam
478 1010 505 1050 a.
529 991 609 1052 1856
635 991 707 1070 quid
728 990 919 1052 statuendum
938 993 1019 1052 esset

55 1073 236 1153 monuimus)
258 1082 380 1150 excepto
401 1074 453 1133 ubi
474 1077 660 1151 potestesse
686 1077 848 1154 synaphiae
877 1076 960 1136 locus
983 1077 1020 1132 ut

55 1163 84 1220 in
100 1162 153 1220 illo

338 1243 409 1302 flere
425 1241 527 1302 desine
541 1262 603 1304 non
618 1245 674 1303 tibi
687 1244 729 1303 A·

325 1327 491 1388 runculeia
505 1328 710 1403 periculumst.

114 1429 155 1488 Et
178 1431 211 1487 in
237 1430 335 1504 prima
359 1427 429 1487 sede
450 1429 568 1488 numeri
589 1429 715 1489 eandem
741 1429 874 1490 adhiberi
899 1429 1018 1503 durum,

55 1532 141 1587 quam
155 1517 258 1572 tamen
271 1512 323 1571 ille
337 1513 370 1570 in
380 1511 471 1570 XIIII
485 1513 621 1572 versibus
636 1515 668 1572 et
682 1513 801 1589 quidem
817 1513 942 1574 diversis
956 1532 1017 1573 me-

56 1597 107 1656 tris
121 1596 235 1672 sprevit
248 1614 394 1656 normam.

116 1682 267 1752 Quantum
287 1680 325 1738 ad
340 1682 453 1754 cetera,
474 1683 507 1740 in
527 1683 675 1742 continuis
688 1681 868 1741 hexametris
883 1681 1018 1756 aquinta

55 1765 120 1823 inde
134 1765 213 1824 thesi
227 1764 341 1825 veritus
355 1767 403 1824 est
417 1765 529 1825 elidere
543 1767 659 1842 longas.
688 1766 772 1825 Idem
786 1767 888 1824 tamen
898 1765 1021 1823 admisit

55 1848 265 1925 synaloepham
273 1852 304 1907 et
314 1852 382 1908 ante
394 1866 545 1909 caesuram
554 1867 695 1908 versuum
707 1849 831 1925 elegiaci
842 1850 873 1908 et
884 1848 1019 1924 galliam·

56 1933 113 1992 bioi
127 1936 160 1992 et
173 1935 245 2009 post
258 1932 383 1992 eandem
397 1935 432 1992 ut
446 1935 520 2010 puta

94 2051 183 2110 quam
198 2033 287 2091 modo
300 2035 351 2108 qui
366 2051 413 2092 me
429 2049 523 2094 unum
537 2038 623 2110 atquc
637 2033 757 2094 unicum
773 2035 900 2093 amicum
915 2033 1021 2094 habuit

96 2136 154 2194 ego
169 2134 250 2176 nunc
264 2116 363 2176 Rheae
378 2117 516 2179 ministra
531 2121 563 2178 et
577 2117 705 2194 Cybeles
719 2118 832 2178 famula
845 2118 934 2178 ferar.

94 2201 181 2278 piger
194 2200 242 2259 hic
256 2200 376 2260 labante
391 2203 514 2278 langore
528 2203 629 2262 oculos
643 2222 732 2279 sopor
747 2203 852 2279 operit.

114 2302 257 2378 Reliquas
272 2305 382 2376 eutem
397 2321 435 2362 ne
449 2304 536 2364 nimii
551 2305 652 2378 simas,
668 2305 801 2366 elisionis
816 2304 1022 2364 observantias

55 2385 119 2446 addi
134 2385 182 2445 hic
195 2387 255 2446 loci
271 2405 333 2446 non
351 2388 459 2463 placet.

114 2487 241 2547 Hiatum
262 2488 294 2546 in
316 2489 397 2548 arsin
412 2487 546 2548 admittit
561 2488 696 2550 Catullus
712 2491 802 2566 longa
815 2489 897 2548 finali
910 2490 943 2546 ct
956 2487 1020 2563 qui·

54 2570 119 2630 dem
134 2572 167 2631 111
182 2589 305 2631 caesura
325 2572 461 2648 legitima
475 2573 640 2633 hexametri
656 2575 705 2647 66,
724 2576 772 2632 11.
791 2575 861 2646 107,
878 2575 906 2631 1.
935 2570 1021 2630 Idem

53 2673 89 2714 aa
109 2657 143 2716 in
164 2656 345 2731 pentametri
364 2656 509 2717 incisione
532 2658 661 2718 similem
682 2657 851 2717 adhibuerit
870 2656 1020 2715 licentiam

53 2739 206 2800 nonsatis
230 2743 355 2800 constat.
402 2739 447 2800 Cf.
472 2742 500 2799 d.
522 2760 546 2799 r.
567 2761 607 2800 m.
630 2743 700 2801 310.
724 2742 795 2800 332.
847 2741 924 2798 Sanc
944 2758 1021 2812 quae

53 2823 190 2882 feruntur
210 2825 346 2899 exempla
367 2825 417 2897 66,
433 2827 491 2900 48,
514 2826 564 2898 67,
585 2825 643 2900 44,
666 2825 810 2899 68‚158;
832 2826 882 2894 97,
900 2822 918 2879 2
938 2822 1019 2881 facili

52 2911 175 2981 potuere
192 2926 283 2983 opera
302 2909 459 2968 removeri.

112 2992 150 3051 In
170 2991 249 3051 thesi
269 2994 316 3052 ter
335 2993 476 3068 probavit
490 2993 605 3052 hiatum
621 2993 709 3052 solito
724 2990 812 3050 modo
828 3007 861 3049 ac
875 2991 1021 3067 permisso

52 3073 105 3135 hoc
131 3077 180 3136 cst
204 3075 311 3135 autin
331 3075 549 3152 monosyllabis
576 3079 718 3151 sequente
737 3075 822 3136 brevi
843 3077 896 3134 aut
921 3075 1022 3136 addita

52 3157 142 3236 longa
156 3159 189 3218 in
204 3159 330 3233 creticis,
347 3162 397 3234 65,
413 3161 449 3236 4,
467 3162 516 3232 97,
536 3161 569 3233 1,
587 3159 637 3232 57,
654 3162 682 3217 7.

112 3259 274 3319 Praeterea
293 3260 459 3320 notandum
479 3279 516 3320 ex
536 3260 792 3322 interiectionibus
812 3261 879 3321 illes
900 3280 929 3334 a,
950 3279 976 3334 c,
991 3264 1022 3320 to

51 3362 172 3403 manere
191 3343 325 3422 iutegras
346 3349 415 3404 ante
434 3346 583 3420 vocalem,
605 3347 638 3406 111
659 3347 717 3406 arsi
738 3346 763 3406 si
783 3346 845 3405 sint
862 3345 1021 3421 positae,o

52 3429 152 3570 etiarn:
169 3429 194 3486 si
197 3429 254 3574 higiu
256 3429 342 3490 thesi.
375 3429 521 3490 Similiter
535 3432 627 3506 longa
640 3431 744 3506 utique
759 3431 858 3505 priore
873 3429 1021 3488 habentur

50 3530 112 3582 ca,
147 3529 184 3572 ec
255 3557 262 3572 .
