2486 4010
78 233 145 303 uu]
490 235 600 290 uranu
619 235 655 292 v.
970 229 1030 294 101

78 395 238 461 Outinam
260 395 301 458 ad
322 397 446 462 vestros
469 396 596 462 sedeam
619 397 745 480 captiva
767 396 914 482 Penates,

112 479 191 544 Dum
213 479 340 562 captiva
360 481 426 544 mei
447 482 613 578 conspicer
634 502 690 544 ora
711 480 794 545 Tati.
1000 537 1005 544 .

76 561 203 629 Romani
223 566 352 628 montes
374 567 407 628 et
427 567 591 630 montibus
614 564 722 629 addita
742 565 846 630 Roma
996 576 1031 630 aa

111 647 151 713 Et
169 649 276 714 valeat
295 649 414 731 probro
437 649 539 714 Vesta
559 649 709 733 pudenda
730 671 812 713 meo.

76 730 127 796 Ille
146 755 262 816 equus,
284 732 340 798 ille
361 753 450 797 meos
472 733 507 796 in
530 737 633 797 castra
654 737 790 817 reponet
811 754 946 818 amores,

111 815 165 882 Cui
186 817 299 882 Tatius
314 817 441 881 demas
464 818 600 883 collocat
621 819 690 901 ipse
711 818 813 883 iubas.

76 899 148 975 Quid
167 901 286 966 mirum
306 901 343 965 in
363 902 485 987 patrios
508 901 648 987 Scyllam
670 902 808 966 saevisse
831 903 975 986 capillos,

110 985 311 1068 Candidaque
332 986 368 1050 in
390 1007 501 1051 saevos
523 987 657 1070 inguina
679 1008 770 1051 versa
793 987 911 1052 canes?
995 999 1031 1050 4⁰

75 1069 191 1134 Prodita
212 1069 290 1153 quid
311 1070 428 1134 mirum
450 1071 585 1134 fraterni
599 1091 720 1134 cornua
740 1072 889 1156 monstri,

111 1153 185 1218 Cum
208 1153 314 1237 patuit
335 1154 418 1219 lecto
442 1155 579 1218 stamine
601 1157 688 1219 torta
709 1155 783 1220 via‘l

76 1235 224 1311 Quantum
246 1259 308 1322 ego
330 1259 402 1302 sum
415 1239 566 1304 Ausoniis
588 1240 709 1305 crimen
722 1240 846 1306 factius
859 1242 985 1328 puellis,

108 1321 247 1406 Inproba
268 1322 413 1406 virgineo
436 1323 521 1388 lecta
540 1324 689 1389 ministra
710 1325 798 1390 foco!

74 1403 210 1470 Pallados
233 1406 391 1470 extinctos
414 1407 513 1491 siquis
535 1409 703 1472 mirabitur
724 1410 828 1494 ignes,
994 1419 1028 1472 45

20 1557 21 1566 χ
108 1489 275 1575 Ignoscat:
297 1490 437 1555 lacrimis
460 1493 624 1577 spargitur
645 1514 700 1555 ara
720 1493 810 1556 meis.

74 1573 149 1659 Cras,
172 1579 209 1640 ut
229 1596 338 1639 rumor
359 1576 418 1660 ait,
441 1577 511 1639 tota
532 1575 728 1660 pugnabitur
748 1574 841 1640 urbe:

20 1689 21 1716 i
107 1659 153 1724 Tu
175 1681 251 1724 cave
273 1659 397 1743 spinosi
418 1660 524 1724 rorida
546 1663 639 1744 terga
659 1659 738 1744 iugi.

20 1783 21 1800 1
72 1739 198 1808 Lubrica
219 1747 289 1807 tota
311 1743 393 1808 viast
416 1746 448 1808 et
468 1745 605 1828 perfida:
627 1745 745 1828 quippe
766 1746 908 1809 tacentes

20 1847 21 1858 ¹
106 1827 226 1892 Fallaci
250 1828 332 1892 celat
353 1827 456 1892 limite
479 1850 605 1912 semper
627 1850 734 1911 aquas.
993 1839 1029 1892 5⁰

73 1909 95 1974 0
114 1913 239 1976 utinam
260 1912 404 1996 magicae
425 1934 556 1977 nossem
579 1913 761 1977 cantamina
781 1911 907 1976 Musae!

106 1996 194 2060 Haec
216 2017 341 2079 quoque
363 1997 504 2062 formoso
527 1997 638 2082 lingua
658 1998 785 2061 tulisset
806 2016 910 2144 opem.

20 2131 21 2140 ,
72 2077 109 2144 'le
123 2085 202 2166 toga
215 2081 301 2164 picta
316 2080 416 2165 decet,
431 2102 498 2145 non
513 2103 607 2164 quem
623 2083 692 2145 sine
705 2081 817 2146 matris
856 2102 955 2146 onore

106 2164 217 2230 Nutrit
238 2163 436 2287 inhumanaeF
453 2165 531 2229 dura
552 2167 684 2288 papilla*
694 2166 797 2249 lupae.

71 2333 146 2414 †Sic
167 2334 285 2418 hospes
307 2335 471 2418 pariamne
491 2296 560 2399 tua*
568 2335 682 2420 regina
704 2335 762 2400 sub
785 2338 865 2419 aula,
993 2346 1029 2400 55

105 2417 173 2483 Dos
194 2419 256 2484 libi
276 2440 344 2484 non
364 2419 493 2484 humilis
515 2419 642 2504 prodita
662 2419 766 2485 Roma
788 2422 884 2485 venit.

72 2499 243 2587 siminus,
266 2506 300 2568 at
321 2506 431 2586 raptae
451 2527 494 2568 ne
516 2505 581 2569 sint
603 2506 721 2589 inpune
744 2504 894 2570 Sabinae:

105 2587 158 2652 Me
180 2609 256 2672 rape
279 2591 311 2652 et
333 2589 456 2653 alterna
478 2590 551 2673 lege
572 2589 711 2673 repende
732 2589 826 2651 vices.

71 2669 248 2736 dormisses
271 2672 353 2736 acics
375 2694 438 2756 ego
459 2693 591 2757 possum
606 2674 743 2736 solvere:
767 2673 895 2755 nuptae,

20 2811 21 2814 η
104 2759 172 2822 Vos
195 2757 334 2822 medium
354 2757 441 2840 palla
462 2757 574 2821 foedus
596 2757 676 2820 inite
697 2777 776 2820 mea.
994 2768 1030 2818 60

69 2839 155 2906 Adde
188 2841 374 2926 Hymenaee
406 2841 533 2926 modos,
565 2841 695 2905 tubicen
726 2841 794 2988 ipra
825 2859 987 2904 murmura

674 2945 736 2989 con
757 2946 789 2989 e:

20 3051 22 3090 5
105 3011 243 3096 Credite,
265 3014 372 3078 vestra
393 3033 483 3076 meus
506 3010 630 3074 molliet
652 3031 741 3072 arma
761 3012 860 3073 torus.

69 3093 119 3161 Set
139 3097 205 3161 iam
226 3099 341 3181 quarta
362 3097 448 3160 canit
468 3098 635 3161 venturam
656 3093 773 3158 bucina
794 3093 907 3178 lucem,

20 3193 21 3218 ³
104 3181 242 3266 Ipsaque
262 3181 299 3246 in
321 3179 483 3245 Oceanum
505 3179 608 3243 sidera
628 3179 720 3262 lapsa
742 3177 869 3242 cadunt.

20 3249 22 3358 l
69 3262 220 3350 Experiar
242 3287 399 3347 somnum,
422 3266 462 3329 de
483 3267 516 3328 te
534 3262 618 3327 'mihi
640 3263 765 3327 somnia
787 3285 952 3347 quaeramt
994 3274 1029 3327 oo

20 3359 21 3390 l
104 3349 168 3416 Fae
189 3351 299 3416 venias
321 3349 421 3415 oculis
443 3349 556 3413 umbra
577 3345 718 3432 benigna
738 3349 842 3414 meis!

68 3432 163 3519 Dixit,
186 3439 219 3500 et
240 3436 363 3500 incerto
385 3434 532 3518 permisit
552 3431 682 3497 brachia
703 3443 827 3518 somn0,

105 3519 224 3587 Nescia
245 3542 280 3586 sc
301 3519 395 3588 furiis
418 3518 603 3585 accubuisse
624 3517 726 3583 novis.
