2486 4010
197 182 239 248 86
578 183 772 240 enorsnrn
1049 183 1178 256 [svm.

263 351 366 427 Quam
380 349 485 433 possit
495 349 618 413 vestros
633 347 800 431 quisquam
810 346 1041 432 reprehendere
1053 367 1176 414 aursus

215 447 248 497 10
303 433 348 499 Mt
367 433 498 498 rabidae
519 431 664 497 stimulos
685 432 833 518 frangere
854 432 1027 516 nequitiae.

263 519 382 601 Testis,
406 517 533 583 Cretaei
553 517 655 580 fastus
678 537 758 600 quae
803 537 875 580 asse
895 517 1022 582 iuvenci

304 601 418 667 Induit
436 601 507 666 abie
530 623 591 665 nae
613 600 768 666 cornuaf
797 623 833 665 sa
853 601 960 666 bovis:

263 685 369 752 Testis
391 685 492 752 Thess
527 687 574 750 'oo
596 684 735 770 flagrans
758 684 917 750 Salmonis
938 683 1079 769 Enipeo,

307 771 394 847 Quae
415 771 518 836 voluit
538 769 659 853 liquido
680 772 750 834 tota
771 769 877 834 subire
899 769 969 834 deo.

218 869 251 919 15
266 855 396 922 Crimen
418 857 451 920 et
471 855 527 918 ille
548 855 610 918 fuit
630 854 735 938 patria
755 875 908 918 succensa
929 857 1058 919 sensata

308 940 442 1005 Arboris
464 940 499 1003 in
519 938 650 1003 frondes
673 937 802 1003 condita
823 938 954 1023 Myrrha
973 959 1086 1002 norae.

263 1024 348 1090 Nam
370 1024 446 1108 quid
461 1023 591 1089 Medeae
612 1023 749 1088 referam
763 1044 825 1108 quo
846 1026 912 1088 tem
936 1043 990 1087 ore
1009 1023 1128 1088 matris

306 1109 392 1174 Iram
412 1111 561 1173 natorum
584 1107 677 1172 caede
699 1108 799 1192 piavit
820 1046 933 1172 amori

265 1192 387 1269 Quidve
405 1191 670 1275 Clytaemestrae,
681 1195 817 1340 yropter
831 1213 925 1276 quam
939 1193 1009 1256 tota
1019 1191 1171 1275 Mycenis

215 1289 250 1339 20
305 1275 439 1341 infamis
462 1279 572 1359 stupro
595 1279 660 1339 stat
708 1275 819 1360 elopea
840 1276 974 1340 domus?

266 1361 392 1509 Tuyue,
415 1381 434 1424 o
456 1360 568 1424 Minoa
588 1359 772 1424 venundata
794 1359 899 1444 Seylla
919 1361 1037 1446 figura,

335 1445 434 1509 ondes
456 1465 616 1529 purpurea
636 1465 738 1529 regna
781 1448 894 1509 aterna
916 1466 1015 1509 coma.

266 1529 361 1594 Hane
382 1530 481 1615 igitur
503 1529 609 1594 dotem
630 1529 722 1614 virgo
766 1529 957 1614 esponderat
977 1528 1080 1593 hosti:

309 1613 404 1699 Nise,
426 1617 497 1678 tuas
518 1617 628 1698 portas
649 1613 761 1678 fraude
781 1614 912 1678 reclusit
932 1614 1043 1678 Amor.

217 1713 250 1762 25
265 1700 311 1764 At
331 1720 388 1763 vos
425 1699 592 1783 innuptae,
614 1698 739 1764 felicius
760 1699 842 1762 urite
863 1698 986 1762 taedas:
1227 1699 1228 1759 l

311 1748 435 1847 Pendet
456 1782 591 1849 Cretaea
610 1785 715 1847 traeta
734 1783 842 1867 puella
862 1786 939 1848 rate.
1227 1769 1228 1788 ¹

265 1866 342 1933 Non
362 1871 471 1932 tamen
491 1867 640 1932 inmerito
662 1866 769 1932 Minos
791 1867 880 1932 sedet
902 1867 1019 1932 arbiter
1042 1865 1138 1938 Oroi:

307 1950 422 2017 Viator
443 1955 512 2016 erat
533 1953 691 2036 quamvis,
715 1973 831 2036 aequus
853 1952 889 2017 in
909 1951 1001 2017 hoste
1022 1950 1096 2016 fuit.

550 2167 690 2240 xvnn
716 2167 819 2263 [rxy.

266 2286 378 2354 Credis
401 2309 473 2352 eum
494 2291 559 2354 iam
578 2312 674 2374 posse
695 2294 769 2355 tuae
789 2291 971 2356 meminisse
992 2291 1133 2376 figurae,
1226 2357 1227 2362 ,

308 2370 428 2437 Vidisti
449 2394 469 2436 a
489 2373 572 2437 leoto
595 2395 689 2457 quem
711 2374 786 2440 dare
807 2375 877 2440 vela
896 2375 974 2440 tuo‘l

267 2454 389 2540 Durus,
412 2456 467 2539 qui
487 2457 576 2521 luero
598 2458 702 2541 potuit
723 2462 845 2524 mutare
866 2460 1022 2544 puellam!

310 2541 461 2624 Tantine,
484 2544 521 2606 ut
541 2541 702 2626 Inarimes,
724 2543 836 2609 Afn'oa
856 2548 926 2608 tota
946 2543 1030 2608 fuit?
1226 2613 1227 2626 χ

238 2627 315 2690 snt
335 2629 387 2710 tu,
412 2625 521 2706 stulta,
545 2625 637 2711 deos,
658 2629 695 2690 tu
715 2627 811 2712 fingis
832 2629 942 2693 inania
962 2650 1045 2694 vera.

309 2709 460 2775 Forsitan
482 2711 536 2776 ille
558 2710 621 2775 elio
643 2714 754 2795 peetus
777 2734 883 2777 amore
904 2715 998 2776 terat.

267 2793 329 2860 Est
343 2795 403 2859 tibi
416 2795 520 2859 forma
534 2798 662 2879 potens,
679 2798 755 2860 sunt
769 2800 873 2862 castae
888 2797 1026 2861 Palladis
1041 2799 1147 2881 arteS,

311 2879 545 2964 Splendideque
567 2903 587 2944 a
607 2879 701 2944 dooto
723 2881 811 2945 fama
830 2880 971 2966 refulget
992 2903 1069 2964 avo,

266 2963 442 3028 Fortunate
464 2964 589 3048 domus,
611 2963 707 3028 modo
730 2965 772 3029 sit
792 2965 853 3030 tibi
873 2964 954 3030 fidus
978 2964 1111 3031 amicus.

220 3061 253 3110 ιο
308 3047 406 3113 Fidus
429 3070 497 3117 ero:
519 3049 556 3114 in
576 3052 703 3112 nostros
727 3071 831 3135 curre,
853 3049 975 3138 puella,
997 3053 1096 3114 toros.

608 3178 761 3190 ..ι-κυι-

647 3264 726 3339 XX.

267 3380 342 3448 Nox
367 3381 448 3446 mihi
473 3385 577 3469 prima
601 3386 703 3451 venit:
731 3386 852 3472 primae
873 3385 952 3537 ¹⁵dade
979 3390 1169 3534 tempora3

374 3503 376 3507 -
810 3493 873 3539 noa
888 3495 931 3540 rsz
1140 3487 1152 3536 1
