2444 4056
144 371 387 438 Lachmannum
401 391 458 436 suo
473 371 539 436 iam
553 371 749 436 restituimus
770 370 894 436 honori.
933 369 982 435 Ac
997 374 1126 434 tamen

144 474 270 557 saepius
292 493 395 557 quam,
410 473 495 556 apud
515 472 637 555 priores
659 473 695 535 in
715 475 827 536 nostra
848 471 1036 536 recensione
1063 472 1124 535 in-

144 574 252 638 venies
286 572 412 638 obelum
446 573 625 656 adpositum
660 571 821 654 versibus,
864 593 926 655 quo
960 575 993 636 et
1029 571 1124 636 vitia

144 676 286 739 nondum
308 677 424 739 sanata
451 674 740 737 demonstraremus
767 675 801 736 et
827 672 961 738 aliorum
990 671 1123 736 excita·

145 795 251 838 remus
280 775 464 840 criticorum
495 771 696 836 industriam.
724 811 765 820 -—
795 771 832 836 Id
864 774 971 856 potius
1004 771 1121 836 visum

145 896 241 958 quam
267 875 377 940 fucata
404 871 602 958 integritatis
631 873 737 956 specie
768 873 925 955 inponere
956 872 1118 938 incautis,

145 973 344 1058 Quamquam
365 974 400 1038 in
427 972 489 1037 hac
511 972 723 1038 subsidiorum
745 973 928 1039 criticorum
949 965 1119 1038 tenuitate

145 1075 315 1138 restabunt
340 1074 449 1157 utique
478 1073 541 1138 loci
569 1074 698 1157 quidem
726 1094 803 1159 quos
830 1095 872 1138 ne
899 1073 1117 1138 Aristarchus

146 1174 273 1257 quidem
296 1172 337 1237 ab
366 1171 480 1239 inferis
514 1175 541 1239 si
568 1177 717 1258 resurget
744 1174 784 1240 ad
810 1174 981 1257 pristinam
1007 1173 1117 1258 possit

144 1295 295 1338 revocare
316 1273 463 1339 formam.

214 1374 363 1440 Ceterum
390 1395 474 1439 nova
508 1375 649 1448 subsidia
677 1374 821 1440 codicum
854 1373 983 1439 adfuere
1015 1375 1113 1438 nobis

146 1475 207 1541 etsi
228 1495 295 1538 non
316 1495 448 1558 magna,
470 1478 668 1540 nontamen
690 1475 820 1540 omnino
842 1475 1031 1558 spernenda.
1065 1474 1114 1540 nt

147 1598 164 1640 e
194 1575 311 1640 Catulli
331 1573 466 1658 squidem
493 1575 584 1640 libris
612 1575 695 1639 nihil
720 1576 787 1639 fere
810 1573 921 1638 aderat
946 1575 1038 1640 nobis
1060 1576 1111 1638 in-

147 1676 319 1740 strumenti
343 1675 448 1740 critici
469 1675 533 1740 nisi
554 1676 637 1760 quod
660 1673 819 1740 Schwabii
832 1669 1010 1758 'diligentia
1026 1695 1109 1740 com·

146 1780 301 1860 parasset.
346 1775 468 1840 Tamen
490 1775 531 1840 ad
551 1777 670 1842 rectius
693 1774 932 1840 constituendos
954 1776 1108 1858 quosdam

146 1877 240 1942 huius
262 1877 383 1961 pariter
398 1880 432 1940 et
446 1877 641 1942 consortium
656 1878 723 1942 eius
737 1876 909 1942 versiculos
924 1876 964 1939 ab
986 1875 1107 1942 Isidoro

148 1976 261 2040 allatos
299 1977 428 2040 adfuere
465 1977 558 2040 nobis
591 1977 698 2041 variae
731 1976 885 2041 lectiones
922 1997 941 2040 a
972 1974 1107 2060 Iosepho

147 2076 276 2140 Kleinio
299 2097 339 2138 ex
362 2074 519 2140 ditissimo
540 2097 634 2161 quem
656 2076 786 2162 collegit
812 2080 968 2162 apparatu
989 2097 1106 2162 magna

149 2199 221 2242 cum
244 2175 395 2240 comitate
418 2175 649 2260 suppeditatae.
685 2177 754 2242 Nec
775 2179 881 2241 minus
902 2177 1105 2242 memoranda

147 2276 282 2342 Martini
310 2275 435 2340 Hertzii
461 2277 678 2361 praeceptoris
708 2277 906 2342 dilectissimi
932 2277 1104 2342 liberalitas

148 2380 202 2462 qui
218 2378 257 2441 de
273 2376 464 2462 quibusdam
476 2376 572 2442 Gellii
586 2377 664 2442 locis
679 2376 880 2442 dubitantem
894 2383 944 2442 me
959 2378 1103 2444 firmavit.

149 2479 202 2542 Ad
230 2478 366 2562 Priapea
388 2481 540 2562 quattuor
561 2499 642 2561 quae
670 2479 784 2542 ultima
811 2477 921 2542 ordine
950 2477 1105 2544 habentur

148 2579 348 2644 emendanda
376 2577 506 2644 adfuere
534 2579 625 2643 nobis
653 2579 859 2644 membranae
885 2577 1104 2646 Bruxellenses

149 2680 374 2746 celeberrimae
389 2679 464 2744 illae
479 2679 535 2744 sed
550 2701 632 2756 saec.
644 2677 726 2744 XIII
739 2680 794 2744 vix
809 2681 1013 2764 antiquiores,
1030 2702 1103 2764 ques

148 2781 211 2864 ipsi
240 2781 462 2865 usurpavimus
490 2781 602 2863 oculis„
653 2780 715 2846 Sed
747 2782 833 2845 enim
861 2801 969 2846 earum
1002 2780 1103 2846 lectic-

148 2903 206 2946 nes
228 2885 355 2965 praeter
375 2902 504 2946 carmen
525 2880 605 2946 illud
628 2881 719 2964 ‘quid
741 2880 801 2946 hcc
816 2881 945 2946 novist?
966 2881 1040 2965 quid
1059 2883 1103 2946 ira

148 2983 279 3047 nuntiat
303 2981 413 3047 deum'
437 3002 544 3065 nuper
561 2996 633 3046 cum
655 3001 778 3046 summa
798 2981 861 3045 fide
876 2975 916 3046 'et
938 3003 1013 3046 cura
1034 3003 1101 3048 eno·

148 3085 236 3146 terat
255 3080 411 3146 Aemilius
436 3081 583 3147 Grossius
605 3081 862 3168 Regimontanus
888 3081 923 3144 in
943 3103 1018 3146 ann.
1038 3083 1101 3167 phi·

148 3183 202 3247 lol.
222 3203 251 3246 a.
270 3179 573 3248 MDOOOLXVIIII
594 3205 671 3267 pag.
689 3183 752 3248 275
768 3204 837 3266 sqq.
877 3180 996 3246 Tibulli
1022 3184 1100 3250 lusus

150 3282 205 3366 qui
232 3284 318 3348 inter
339 3282 537 3367 epigramma
559 3284 598 3348 de
621 3281 782 3366 opusculis
810 3283 1009 3348 iuvenalibus
1030 3284 1099 3349 Ver·

150 3383 221 3467 gilii
244 3387 276 3447 et
291 3383 410 3467 elegias
431 3383 470 3448 de
488 3383 676 3448 Maecenate
697 3384 884 3450 moribundo
906 3385 1039 3450 habetur
1056 3386 1099 3451 in·

150 3483 321 3568 terpositus
343 3484 430 3550 omni
454 3488 541 3550 caret
562 3485 628 3549 sive
650 3485 859 3570 inscriptione
881 3509 937 3555 seu
952 3486 1099 3571 subscrip·

1155 151 1165 274 p
1192 170 1197 191 ι
