<?xml version="1.0" encoding="UTF-8"?>
<!DOCTYPE html PUBLIC "-//W3C//DTD XHTML 1.0 Transitional//EN"
    "http://www.w3.org/TR/xhtml1/DTD/xhtml1-transitional.dtd">
<html xmlns="http://www.w3.org/1999/xhtml" xml:lang="en" lang="en">
 <head>
  <title>
</title>
<meta http-equiv="Content-Type" content="text/html;charset=utf-8" />
  <meta name='ocr-system' content='tesseract 3.04.00' />
  <meta name='ocr-capabilities' content='ocr_page ocr_carea ocr_par ocr_line ocrx_word'/>
</head>
<body>
  <div class='ocr_page' id='page_1' title='image "./catvllitibvllip00priagoog_0306.png"; bbox 0 0 2468 4036; ppageno 0'>
   <div class='ocr_carea' id='block_1_1' title="bbox 9 2407 74 2432">
    <p class='ocr_par' dir='ltr' id='par_1_1' title="bbox 9 2407 74 2432">
     <span class='ocr_line' id='line_1_1' title="bbox 9 2407 74 2432; baseline 0 -6"><span class='ocrx_word' id='word_1_1' title='bbox 9 2407 74 2432; x_wconf 52' lang='lat' dir='ltr'>„aad</span> 
     </span>
    </p>
   </div>
   <div class='ocr_carea' id='block_1_2' title="bbox 77 2380 127 2403">
    <p class='ocr_par' dir='ltr' id='par_1_2' title="bbox 77 2380 127 2403">
     <span class='ocr_line' id='line_1_2' title="bbox 77 2380 127 2403; baseline 0 -13"><span class='ocrx_word' id='word_1_2' title='bbox 77 2380 127 2403; x_wconf 47' lang='lat' dir='ltr'>‘a‘</span> 
     </span>
    </p>
   </div>
   <div class='ocr_carea' id='block_1_3' title="bbox 207 201 1182 275">
    <p class='ocr_par' dir='ltr' id='par_1_3' title="bbox 207 201 1182 275">
     <span class='ocr_line' id='line_1_3' title="bbox 207 201 1182 275; baseline 0.001 -4"><span class='ocrx_word' id='word_1_3' title='bbox 207 204 250 271; x_wconf 87' lang='grc'>46</span> <span class='ocrx_word' id='word_1_4' title='bbox 620 208 764 267; x_wconf 77' lang='lat' dir='ltr'>&#39;l’lBVLLI</span> <span class='ocrx_word' id='word_1_5' title='bbox 958 201 962 206; x_wconf 43' lang='lat'><em>¹</em></span> <span class='ocrx_word' id='word_1_6' title='bbox 1145 218 1182 275; x_wconf 84' lang='grc'>[1.</span> 
     </span>
    </p>
   </div>
   <div class='ocr_carea' id='block_1_4' title="bbox 220 371 1182 809">
    <p class='ocr_par' dir='ltr' id='par_1_4' title="bbox 270 371 1182 630">
     <span class='ocr_line' id='line_1_4' title="bbox 271 371 1182 463; baseline 0.007 -25"><span class='ocrx_word' id='word_1_7' title='bbox 271 371 355 438; x_wconf 91' lang='lat' dir='ltr'>Nam</span> <span class='ocrx_word' id='word_1_8' title='bbox 387 391 577 458; x_wconf 81' lang='lat' dir='ltr'>quamquam</span> <span class='ocrx_word' id='word_1_9' title='bbox 611 374 760 459; x_wconf 85' lang='lat' dir='ltr'>antiquae</span> <span class='ocrx_word' id='word_1_10' title='bbox 791 376 898 462; x_wconf 83' lang='lat' dir='ltr'>gentis</span> <span class='ocrx_word' id='word_1_11' title='bbox 930 381 1083 463; x_wconf 86' lang='lat' dir='ltr'>superant</span> <span class='ocrx_word' id='word_1_12' title='bbox 1116 379 1182 444; x_wconf 82' lang='lat' dir='ltr'>tibi</span> 
     </span>
     <span class='ocr_line' id='line_1_5' title="bbox 270 460 1052 630; baseline 0.005 -22"><span class='ocrx_word' id='word_1_13' title='bbox 270 541 347 608; x_wconf 91' lang='lat' dir='ltr'>Non</span> <span class='ocrx_word' id='word_1_14' title='bbox 367 544 424 606; x_wconf 85' lang='lat' dir='ltr'>tua</span> <span class='ocrx_word' id='word_1_15' title='bbox 444 543 602 608; x_wconf 88' lang='lat' dir='ltr'>maiorum</span> <span class='ocrx_word' id='word_1_16' title='bbox 625 460 939 630; x_wconf 54' lang='lat' dir='ltr'>contentastlgllddisa</span> <span class='ocrx_word' id='word_1_17' title='bbox 951 547 1052 630; x_wconf 82' lang='lat' dir='ltr'>fama,</span> 
     </span>
    </p>

    <p class='ocr_par' dir='ltr' id='par_1_5' title="bbox 220 624 1178 809">
     <span class='ocr_line' id='line_1_6' title="bbox 220 624 1178 716; baseline 0.007 -29"><span class='ocrx_word' id='word_1_18' title='bbox 220 637 255 688; x_wconf 82' lang='lat'>30</span> <span class='ocrx_word' id='word_1_19' title='bbox 268 624 338 692; x_wconf 89' lang='lat' dir='ltr'>Nec</span> <span class='ocrx_word' id='word_1_20' title='bbox 359 627 484 710; x_wconf 88' lang='lat' dir='ltr'>qnaeris</span> <span class='ocrx_word' id='word_1_21' title='bbox 507 627 582 712; x_wconf 92' lang='lat' dir='ltr'>quid</span> <span class='ocrx_word' id='word_1_22' title='bbox 597 648 721 712; x_wconf 86' lang='lat' dir='ltr'>quaque</span> <span class='ocrx_word' id='word_1_23' title='bbox 737 627 835 692; x_wconf 83' lang='lat' dir='ltr'>index</span> <span class='ocrx_word' id='word_1_24' title='bbox 849 629 907 694; x_wconf 88' lang='lat' dir='ltr'>sub</span> <span class='ocrx_word' id='word_1_25' title='bbox 922 631 1062 716; x_wconf 83' lang='lat' dir='ltr'>imagine</span> <span class='ocrx_word' id='word_1_26' title='bbox 1077 631 1178 716; x_wconf 76' lang='lat' dir='ltr'>dieat,</span> 
     </span>
     <span class='ocr_line' id='line_1_7' title="bbox 270 710 1143 809; baseline 0.006 -33"><span class='ocrx_word' id='word_1_27' title='bbox 270 710 333 782; x_wconf 84' lang='lat' dir='ltr'>Sed</span> <span class='ocrx_word' id='word_1_28' title='bbox 353 712 481 796; x_wconf 86' lang='lat' dir='ltr'>generis</span> <span class='ocrx_word' id='word_1_29' title='bbox 502 711 625 809; x_wconf 73' lang='lat' dir='ltr'>priscos</span> <span class='ocrx_word' id='word_1_30' title='bbox 649 712 815 776; x_wconf 76' lang='lat' dir='ltr'>contendis</span> <span class='ocrx_word' id='word_1_31' title='bbox 836 714 963 780; x_wconf 87' lang='lat' dir='ltr'>vincere</span> <span class='ocrx_word' id='word_1_32' title='bbox 985 715 1143 800; x_wconf 82' lang='lat' dir='ltr'>honores,</span> 
     </span>
    </p>
   </div>
   <div class='ocr_carea' id='block_1_5' title="bbox 213 795 1172 3576">
    <p class='ocr_par' dir='ltr' id='par_1_6' title="bbox 213 795 1172 3576">
     <span class='ocr_line' id='line_1_8' title="bbox 271 795 1102 882; baseline 0.007 -24"><span class='ocrx_word' id='word_1_33' title='bbox 271 796 374 872; x_wconf 85' lang='lat' dir='ltr'>Quam</span> <span class='ocrx_word' id='word_1_34' title='bbox 394 795 456 862; x_wconf 80' lang='lat' dir='ltr'>tibi</span> <span class='ocrx_word' id='word_1_35' title='bbox 476 816 613 860; x_wconf 85' lang='lat' dir='ltr'>marores</span> <span class='ocrx_word' id='word_1_36' title='bbox 634 796 736 862; x_wconf 87' lang='lat' dir='ltr'>maius</span> <span class='ocrx_word' id='word_1_37' title='bbox 759 795 854 861; x_wconf 90' lang='lat' dir='ltr'>decus</span> <span class='ocrx_word' id='word_1_38' title='bbox 876 795 945 882; x_wconf 88' lang='lat' dir='ltr'>ipse</span> <span class='ocrx_word' id='word_1_39' title='bbox 967 799 1102 865; x_wconf 87' lang='lat' dir='ltr'>futuris:</span> 
     </span>
     <span class='ocr_line' id='line_1_9' title="bbox 268 880 1094 966; baseline 0.004 -22"><span class='ocrx_word' id='word_1_40' title='bbox 268 881 315 944; x_wconf 87' lang='lat' dir='ltr'>At</span> <span class='ocrx_word' id='word_1_41' title='bbox 336 883 391 944; x_wconf 86' lang='lat' dir='ltr'>tua</span> <span class='ocrx_word' id='word_1_42' title='bbox 411 901 480 945; x_wconf 92' lang='lat' dir='ltr'>non</span> <span class='ocrx_word' id='word_1_43' title='bbox 499 880 612 944; x_wconf 89' lang='lat' dir='ltr'>titulus</span> <span class='ocrx_word' id='word_1_44' title='bbox 635 881 740 964; x_wconf 88' lang='lat' dir='ltr'>capiet</span> <span class='ocrx_word' id='word_1_45' title='bbox 761 881 820 945; x_wconf 91' lang='lat' dir='ltr'>sub</span> <span class='ocrx_word' id='word_1_46' title='bbox 841 883 972 946; x_wconf 90' lang='lat' dir='ltr'>nomine</span> <span class='ocrx_word' id='word_1_47' title='bbox 993 883 1094 966; x_wconf 84' lang='lat' dir='ltr'>facta,</span> 
     </span>
     <span class='ocr_line' id='line_1_10' title="bbox 216 959 1139 1054; baseline 0.004 -26"><span class='ocrx_word' id='word_1_48' title='bbox 216 959 219 968; x_wconf 86' lang='grc'><strong>’</strong></span> <span class='ocrx_word' id='word_1_49' title='bbox 267 965 409 1028; x_wconf 88' lang='lat' dir='ltr'>Aeterno</span> <span class='ocrx_word' id='word_1_50' title='bbox 432 964 487 1028; x_wconf 88' lang='lat' dir='ltr'>sod</span> <span class='ocrx_word' id='word_1_51' title='bbox 509 967 602 1028; x_wconf 88' lang='lat' dir='ltr'>erunt</span> <span class='ocrx_word' id='word_1_52' title='bbox 622 964 683 1030; x_wconf 89' lang='lat' dir='ltr'>tibi</span> <span class='ocrx_word' id='word_1_53' title='bbox 704 985 822 1050; x_wconf 85' lang='lat' dir='ltr'>magna</span> <span class='ocrx_word' id='word_1_54' title='bbox 843 966 1008 1030; x_wconf 85' lang='lat' dir='ltr'>volumina</span> <span class='ocrx_word' id='word_1_55' title='bbox 1028 990 1139 1054; x_wconf 85' lang='lat' dir='ltr'>versu,</span> 
     </span>
     <span class='ocr_line' id='line_1_11' title="bbox 219 1047 1086 1146; baseline 0.005 -34"><span class='ocrx_word' id='word_1_56' title='bbox 219 1062 252 1112; x_wconf 83' lang='lat'>35</span> <span class='ocrx_word' id='word_1_57' title='bbox 268 1047 530 1146; x_wconf 77' lang='lat' dir='ltr'>Convenientque</span> <span class='ocrx_word' id='word_1_58' title='bbox 551 1052 623 1113; x_wconf 86' lang='lat' dir='ltr'>tuas</span> <span class='ocrx_word' id='word_1_59' title='bbox 646 1049 752 1133; x_wconf 88' lang='lat' dir='ltr'>cupidi</span> <span class='ocrx_word' id='word_1_60' title='bbox 774 1070 955 1134; x_wconf 81' lang='lat' dir='ltr'>conponere</span> <span class='ocrx_word' id='word_1_61' title='bbox 976 1050 1086 1116; x_wconf 85' lang='lat' dir='ltr'>laudes</span> 
     </span>
     <span class='ocr_line' id='line_1_12' title="bbox 268 1131 1172 1219; baseline 0.004 -22"><span class='ocrx_word' id='word_1_62' title='bbox 268 1131 418 1216; x_wconf 87' lang='lat' dir='ltr'>Vndique</span> <span class='ocrx_word' id='word_1_63' title='bbox 440 1153 556 1216; x_wconf 85' lang='lat' dir='ltr'>quique</span> <span class='ocrx_word' id='word_1_64' title='bbox 575 1137 691 1198; x_wconf 87' lang='lat' dir='ltr'>canent</span> <span class='ocrx_word' id='word_1_65' title='bbox 704 1134 812 1198; x_wconf 85' lang='lat' dir='ltr'>vincto</span> <span class='ocrx_word' id='word_1_66' title='bbox 826 1134 907 1218; x_wconf 92' lang='lat' dir='ltr'>pede</span> <span class='ocrx_word' id='word_1_67' title='bbox 922 1135 1038 1219; x_wconf 89' lang='lat' dir='ltr'>quique</span> <span class='ocrx_word' id='word_1_68' title='bbox 1053 1137 1172 1202; x_wconf 89' lang='lat' dir='ltr'>soluto.</span> 
     </span>
     <span class='ocr_line' id='line_1_13' title="bbox 269 1215 1139 1304; baseline 0.007 -25"><span class='ocrx_word' id='word_1_69' title='bbox 269 1215 346 1291; x_wconf 88' lang='lat' dir='ltr'>Quis</span> <span class='ocrx_word' id='word_1_70' title='bbox 368 1216 489 1298; x_wconf 90' lang='lat' dir='ltr'>potior,</span> <span class='ocrx_word' id='word_1_71' title='bbox 512 1220 675 1281; x_wconf 83' lang='lat' dir='ltr'>certamen</span> <span class='ocrx_word' id='word_1_72' title='bbox 697 1219 772 1283; x_wconf 88' lang='lat' dir='ltr'>erit:</span> <span class='ocrx_word' id='word_1_73' title='bbox 795 1218 855 1283; x_wconf 87' lang='lat' dir='ltr'>sim</span> <span class='ocrx_word' id='word_1_74' title='bbox 876 1219 979 1283; x_wconf 85' lang='lat' dir='ltr'>victor</span> <span class='ocrx_word' id='word_1_75' title='bbox 1000 1220 1036 1284; x_wconf 90' lang='lat' dir='ltr'>in</span> <span class='ocrx_word' id='word_1_76' title='bbox 1057 1221 1139 1304; x_wconf 84' lang='lat' dir='ltr'>illis,</span> 
     </span>
     <span class='ocr_line' id='line_1_14' title="bbox 267 1299 1102 1368; baseline 0.004 -3"><span class='ocrx_word' id='word_1_77' title='bbox 267 1299 313 1365; x_wconf 82' lang='lat' dir='ltr'>Vt</span> <span class='ocrx_word' id='word_1_78' title='bbox 334 1302 480 1364; x_wconf 86' lang='lat' dir='ltr'>nostmm</span> <span class='ocrx_word' id='word_1_79' title='bbox 501 1301 601 1364; x_wconf 87' lang='lat' dir='ltr'>tantis</span> <span class='ocrx_word' id='word_1_80' title='bbox 621 1301 794 1368; x_wconf 78' lang='lat' dir='ltr'>inscribam</span> <span class='ocrx_word' id='word_1_81' title='bbox 816 1324 935 1367; x_wconf 93' lang='lat' dir='ltr'>nomen</span> <span class='ocrx_word' id='word_1_82' title='bbox 956 1303 992 1368; x_wconf 91' lang='lat' dir='ltr'>in</span> <span class='ocrx_word' id='word_1_83' title='bbox 1013 1305 1102 1368; x_wconf 85' lang='lat' dir='ltr'>actis.</span> 
     </span>
     <span class='ocr_line' id='line_1_15' title="bbox 309 1383 1119 1471; baseline 0.004 -21"><span class='ocrx_word' id='word_1_84' title='bbox 309 1383 394 1450; x_wconf 89' lang='lat' dir='ltr'>Nam</span> <span class='ocrx_word' id='word_1_85' title='bbox 416 1384 486 1467; x_wconf 86' lang='lat' dir='ltr'>quis</span> <span class='ocrx_word' id='word_1_86' title='bbox 507 1387 540 1451; x_wconf 90' lang='grc'>11</span> <span class='ocrx_word' id='word_1_87' title='bbox 561 1385 683 1451; x_wconf 87' lang='lat' dir='ltr'>maiora</span> <span class='ocrx_word' id='word_1_88' title='bbox 704 1387 789 1471; x_wconf 84' lang='lat' dir='ltr'>gerit</span> <span class='ocrx_word' id='word_1_89' title='bbox 810 1387 961 1450; x_wconf 87' lang='lat' dir='ltr'>castrisve</span> <span class='ocrx_word' id='word_1_90' title='bbox 982 1387 1119 1453; x_wconf 81' lang='lat' dir='ltr'>forove?</span> 
     </span>
     <span class='ocr_line' id='line_1_16' title="bbox 219 1468 1168 1538; baseline 0.004 -6"><span class='ocrx_word' id='word_1_91' title='bbox 219 1483 252 1532; x_wconf 78' lang='grc'>40</span> <span class='ocrx_word' id='word_1_92' title='bbox 265 1469 334 1536; x_wconf 87' lang='lat' dir='ltr'>Nec</span> <span class='ocrx_word' id='word_1_93' title='bbox 355 1472 465 1534; x_wconf 88' lang='lat' dir='ltr'>tamen</span> <span class='ocrx_word' id='word_1_94' title='bbox 485 1468 560 1534; x_wconf 89' lang='lat' dir='ltr'>hinc</span> <span class='ocrx_word' id='word_1_95' title='bbox 582 1473 638 1534; x_wconf 88' lang='lat' dir='ltr'>aut</span> <span class='ocrx_word' id='word_1_96' title='bbox 663 1471 739 1536; x_wconf 88' lang='lat' dir='ltr'>hinc</span> <span class='ocrx_word' id='word_1_97' title='bbox 764 1471 824 1536; x_wconf 90' lang='lat' dir='ltr'>tibi</span> <span class='ocrx_word' id='word_1_98' title='bbox 852 1472 921 1534; x_wconf 90' lang='lat' dir='ltr'>laus</span> <span class='ocrx_word' id='word_1_99' title='bbox 949 1472 1089 1538; x_wconf 84' lang='lat' dir='ltr'>maiorve</span> <span class='ocrx_word' id='word_1_100' title='bbox 1112 1474 1168 1536; x_wconf 80' lang='lat' dir='ltr'>mi-</span> 
     </span>
     <span class='ocr_line' id='line_1_17' title="bbox 811 1576 909 1620; baseline 0.02 -2"><span class='ocrx_word' id='word_1_101' title='bbox 811 1576 909 1620; x_wconf 84' lang='lat' dir='ltr'>norve</span> 
     </span>
     <span class='ocr_line' id='line_1_18' title="bbox 266 1604 1120 1724; baseline 0.002 -21"><span class='ocrx_word' id='word_1_102' title='bbox 266 1638 355 1704; x_wconf 87' lang='lat' dir='ltr'>Iusta</span> <span class='ocrx_word' id='word_1_103' title='bbox 375 1637 445 1722; x_wconf 89' lang='lat' dir='ltr'>pari</span> <span class='ocrx_word' id='word_1_104' title='bbox 489 1638 622 1703; x_wconf 89' lang='lat' dir='ltr'>remitur</span> <span class='ocrx_word' id='word_1_105' title='bbox 642 1639 742 1702; x_wconf 87' lang='lat' dir='ltr'>veluti</span> <span class='ocrx_word' id='word_1_106' title='bbox 765 1659 837 1703; x_wconf 89' lang='lat' dir='ltr'>cum</span> <span class='ocrx_word' id='word_1_107' title='bbox 858 1604 999 1724; x_wconf 74' lang='lat' dir='ltr'>podderc</span> <span class='ocrx_word' id='word_1_108' title='bbox 1020 1641 1120 1723; x_wconf 89' lang='lat' dir='ltr'>libra,</span> 
     </span>
     <span class='ocr_line' id='line_1_19' title="bbox 266 1660 1169 1808; baseline 0 -20"><span class='ocrx_word' id='word_1_109' title='bbox 266 1722 374 1788; x_wconf 88' lang='lat' dir='ltr'>Prona</span> <span class='ocrx_word' id='word_1_110' title='bbox 393 1660 536 1788; x_wconf 73' lang='grc'><strong>11101110</strong></span> <span class='ocrx_word' id='word_1_111' title='bbox 556 1723 629 1806; x_wconf 91' lang='lat' dir='ltr'>plus</span> <span class='ocrx_word' id='word_1_112' title='bbox 642 1727 732 1806; x_wconf 87' lang='lat' dir='ltr'>parte</span> <span class='ocrx_word' id='word_1_113' title='bbox 748 1723 837 1788; x_wconf 89' lang='lat' dir='ltr'>sedet</span> <span class='ocrx_word' id='word_1_114' title='bbox 850 1744 909 1789; x_wconf 90' lang='lat' dir='ltr'>nec</span> <span class='ocrx_word' id='word_1_115' title='bbox 924 1724 1028 1808; x_wconf 82' lang='lat' dir='ltr'>surgit</span> <span class='ocrx_word' id='word_1_116' title='bbox 1043 1725 1082 1789; x_wconf 91' lang='lat' dir='ltr'>ab</span> <span class='ocrx_word' id='word_1_117' title='bbox 1101 1727 1169 1807; x_wconf 83' lang='lat' dir='ltr'>illa,</span> 
     </span>
     <span class='ocr_line' id='line_1_20' title="bbox 266 1807 1169 1893; baseline 0.002 -22"><span class='ocrx_word' id='word_1_118' title='bbox 266 1807 391 1890; x_wconf 85' lang='lat' dir='ltr'>Qualis,</span> <span class='ocrx_word' id='word_1_119' title='bbox 413 1807 619 1891; x_wconf 87' lang='lat' dir='ltr'>inaequatum</span> <span class='ocrx_word' id='word_1_120' title='bbox 640 1807 669 1871; x_wconf 87' lang='lat' dir='ltr'>si</span> <span class='ocrx_word' id='word_1_121' title='bbox 690 1807 816 1892; x_wconf 89' lang='lat' dir='ltr'>quando</span> <span class='ocrx_word' id='word_1_122' title='bbox 833 1829 914 1872; x_wconf 88' lang='lat' dir='ltr'>onus</span> <span class='ocrx_word' id='word_1_123' title='bbox 928 1812 1044 1893; x_wconf 86' lang='lat' dir='ltr'>urguet</span> <span class='ocrx_word' id='word_1_124' title='bbox 1058 1811 1169 1873; x_wconf 88' lang='lat' dir='ltr'>utrim-</span> 
     </span>
     <span class='ocr_line' id='line_1_21' title="bbox 831 1913 888 1975; baseline 0.018 -19"><span class='ocrx_word' id='word_1_125' title='bbox 831 1913 888 1975; x_wconf 87' lang='lat' dir='ltr'>ue,</span> 
     </span>
     <span class='ocr_line' id='line_1_22' title="bbox 265 1913 999 2060; baseline 0.003 -21"><span class='ocrx_word' id='word_1_126' title='bbox 265 1974 432 2040; x_wconf 84' lang='lat' dir='ltr'>Instabilis</span> <span class='ocrx_word' id='word_1_127' title='bbox 454 1978 545 2040; x_wconf 88' lang='lat' dir='ltr'>natat</span> <span class='ocrx_word' id='word_1_128' title='bbox 566 1976 690 2040; x_wconf 87' lang='lat' dir='ltr'>alterno</span> <span class='ocrx_word' id='word_1_129' title='bbox 712 1913 892 2060; x_wconf 61' lang='lat' dir='ltr'>depredsior</span> <span class='ocrx_word' id='word_1_130' title='bbox 913 1977 999 2042; x_wconf 90' lang='lat' dir='ltr'>orbe.</span> 
     </span>
     <span class='ocr_line' id='line_1_23' title="bbox 215 2059 1114 2146; baseline 0.004 -26"><span class='ocrx_word' id='word_1_131' title='bbox 215 2071 250 2122; x_wconf 81' lang='lat'>45</span> <span class='ocrx_word' id='word_1_132' title='bbox 307 2059 341 2126; x_wconf 91' lang='lat' dir='ltr'>N</span> <span class='ocrx_word' id='word_1_133' title='bbox 342 2081 394 2124; x_wconf 88' lang='lat' dir='ltr'>am</span> <span class='ocrx_word' id='word_1_134' title='bbox 416 2081 471 2125; x_wconf 90' lang='lat' dir='ltr'>seu</span> <span class='ocrx_word' id='word_1_135' title='bbox 493 2059 609 2125; x_wconf 85' lang='lat' dir='ltr'>diversi</span> <span class='ocrx_word' id='word_1_136' title='bbox 630 2061 746 2124; x_wconf 86' lang='lat' dir='ltr'>fremat</span> <span class='ocrx_word' id='word_1_137' title='bbox 766 2060 984 2124; x_wconf 72' lang='lat' dir='ltr'>inconstantia</span> <span class='ocrx_word' id='word_1_138' title='bbox 1005 2061 1114 2146; x_wconf 82' lang='lat' dir='ltr'>vulgi,</span> 
     </span>
     <span class='ocr_line' id='line_1_24' title="bbox 263 2143 989 2228; baseline 0.003 -22"><span class='ocrx_word' id='word_1_139' title='bbox 263 2143 341 2207; x_wconf 92' lang='lat' dir='ltr'>Non</span> <span class='ocrx_word' id='word_1_140' title='bbox 363 2143 443 2207; x_wconf 87' lang='lat' dir='ltr'>alius</span> <span class='ocrx_word' id='word_1_141' title='bbox 466 2145 575 2208; x_wconf 88' lang='lat' dir='ltr'>sedare</span> <span class='ocrx_word' id='word_1_142' title='bbox 597 2147 708 2228; x_wconf 87' lang='lat' dir='ltr'>queat:</span> <span class='ocrx_word' id='word_1_143' title='bbox 731 2165 787 2208; x_wconf 87' lang='lat' dir='ltr'>seu</span> <span class='ocrx_word' id='word_1_144' title='bbox 805 2144 918 2209; x_wconf 88' lang='lat' dir='ltr'>iudicis</span> <span class='ocrx_word' id='word_1_145' title='bbox 940 2145 989 2208; x_wconf 87' lang='lat' dir='ltr'>ira</span> 
     </span>
     <span class='ocr_line' id='line_1_25' title="bbox 265 2225 1060 2311; baseline 0.004 -20"><span class='ocrx_word' id='word_1_146' title='bbox 265 2225 316 2291; x_wconf 87' lang='lat' dir='ltr'>Sit</span> <span class='ocrx_word' id='word_1_147' title='bbox 336 2225 506 2310; x_wconf 84' lang='lat' dir='ltr'>placanda,</span> <span class='ocrx_word' id='word_1_148' title='bbox 529 2229 593 2292; x_wconf 90' lang='lat' dir='ltr'>tuis</span> <span class='ocrx_word' id='word_1_149' title='bbox 614 2228 735 2311; x_wconf 92' lang='lat' dir='ltr'>poterit</span> <span class='ocrx_word' id='word_1_150' title='bbox 755 2229 922 2293; x_wconf 75' lang='lat' dir='ltr'>mitescere</span> <span class='ocrx_word' id='word_1_151' title='bbox 943 2229 1060 2294; x_wconf 78' lang='lat' dir='ltr'>verbis,</span> 
     </span>
     <span class='ocr_line' id='line_1_26' title="bbox 264 2309 1137 2398; baseline 0.002 -22"><span class='ocrx_word' id='word_1_152' title='bbox 264 2309 341 2376; x_wconf 93' lang='lat' dir='ltr'>Non</span> <span class='ocrx_word' id='word_1_153' title='bbox 362 2309 459 2393; x_wconf 84' lang='lat' dir='ltr'>Pylos</span> <span class='ocrx_word' id='word_1_154' title='bbox 481 2314 536 2375; x_wconf 87' lang='lat' dir='ltr'>aut</span> <span class='ocrx_word' id='word_1_155' title='bbox 556 2311 666 2376; x_wconf 88' lang='lat' dir='ltr'>Ithace</span> <span class='ocrx_word' id='word_1_156' title='bbox 688 2316 796 2377; x_wconf 89' lang='lat' dir='ltr'>tantos</span> <span class='ocrx_word' id='word_1_157' title='bbox 817 2313 967 2398; x_wconf 83' lang='lat' dir='ltr'>genuisse</span> <span class='ocrx_word' id='word_1_158' title='bbox 988 2311 1137 2378; x_wconf 86' lang='lat' dir='ltr'>feruntur</span> 
     </span>
     <span class='ocr_line' id='line_1_27' title="bbox 263 2393 1167 2482; baseline 0.003 -23"><span class='ocrx_word' id='word_1_159' title='bbox 263 2393 402 2459; x_wconf 76' lang='lat' dir='ltr'>Nestora</span> <span class='ocrx_word' id='word_1_160' title='bbox 422 2393 474 2459; x_wconf 84' lang='lat' dir='ltr'>vel</span> <span class='ocrx_word' id='word_1_161' title='bbox 494 2417 610 2478; x_wconf 87' lang='lat' dir='ltr'>parvae</span> <span class='ocrx_word' id='word_1_162' title='bbox 630 2419 785 2482; x_wconf 83' lang='lat' dir='ltr'>magnum</span> <span class='ocrx_word' id='word_1_163' title='bbox 807 2397 902 2462; x_wconf 88' lang='lat' dir='ltr'>decus</span> <span class='ocrx_word' id='word_1_164' title='bbox 923 2396 1011 2462; x_wconf 91' lang='lat' dir='ltr'>urbis</span> <span class='ocrx_word' id='word_1_165' title='bbox 1032 2397 1167 2481; x_wconf 80' lang='lat' dir='ltr'>Vlixen,</span> 
     </span>
     <span class='ocr_line' id='line_1_28' title="bbox 214 2479 1167 2566; baseline 0.007 -26"><span class='ocrx_word' id='word_1_166' title='bbox 214 2492 248 2542; x_wconf 84' lang='lat'>50</span> <span class='ocrx_word' id='word_1_167' title='bbox 261 2479 388 2544; x_wconf 83' lang='lat' dir='ltr'>Vinerit</span> <span class='ocrx_word' id='word_1_168' title='bbox 408 2479 462 2542; x_wconf 92' lang='lat' dir='ltr'>ille</span> <span class='ocrx_word' id='word_1_169' title='bbox 485 2499 582 2543; x_wconf 88' lang='lat' dir='ltr'>senex</span> <span class='ocrx_word' id='word_1_170' title='bbox 596 2481 755 2566; x_wconf 81' lang='lat' dir='ltr'>quamvis,</span> <span class='ocrx_word' id='word_1_171' title='bbox 778 2481 853 2546; x_wconf 88' lang='lat' dir='ltr'>dum</span> <span class='ocrx_word' id='word_1_172' title='bbox 874 2483 966 2546; x_wconf 89' lang='lat' dir='ltr'>terna</span> <span class='ocrx_word' id='word_1_173' title='bbox 984 2502 1042 2566; x_wconf 89' lang='lat' dir='ltr'>per</span> <span class='ocrx_word' id='word_1_174' title='bbox 1057 2483 1167 2548; x_wconf 89' lang='lat' dir='ltr'>orbem</span> 
     </span>
     <span class='ocr_line' id='line_1_29' title="bbox 265 2563 1024 2650; baseline 0 -20"><span class='ocrx_word' id='word_1_175' title='bbox 265 2563 398 2630; x_wconf 83' lang='lat' dir='ltr'>Saecula</span> <span class='ocrx_word' id='word_1_176' title='bbox 418 2563 577 2628; x_wconf 87' lang='lat' dir='ltr'>fertilibus</span> <span class='ocrx_word' id='word_1_177' title='bbox 599 2564 696 2630; x_wconf 83' lang='lat' dir='ltr'>Titan</span> <span class='ocrx_word' id='word_1_178' title='bbox 718 2566 897 2630; x_wconf 90' lang='lat' dir='ltr'>decurreret</span> <span class='ocrx_word' id='word_1_179' title='bbox 918 2565 1024 2650; x_wconf 90' lang='lat' dir='ltr'>horis,</span> 
     </span>
     <span class='ocr_line' id='line_1_30' title="bbox 263 2647 978 2734; baseline 0.003 -22"><span class='ocrx_word' id='word_1_180' title='bbox 263 2647 323 2713; x_wconf 93' lang='lat' dir='ltr'>Ille</span> <span class='ocrx_word' id='word_1_181' title='bbox 344 2671 402 2733; x_wconf 89' lang='lat' dir='ltr'>per</span> <span class='ocrx_word' id='word_1_182' title='bbox 423 2649 551 2734; x_wconf 81' lang='lat' dir='ltr'>ignotas</span> <span class='ocrx_word' id='word_1_183' title='bbox 573 2650 675 2713; x_wconf 85' lang='lat' dir='ltr'>audax</span> <span class='ocrx_word' id='word_1_184' title='bbox 697 2649 848 2714; x_wconf 87' lang='lat' dir='ltr'>erraverit</span> <span class='ocrx_word' id='word_1_185' title='bbox 869 2651 978 2733; x_wconf 88' lang='lat' dir='ltr'>urbes,</span> 
     </span>
     <span class='ocr_line' id='line_1_31' title="bbox 263 2733 1060 2809; baseline 0.003 -11"><span class='ocrx_word' id='word_1_186' title='bbox 263 2733 334 2809; x_wconf 85' lang='lat' dir='ltr'>Qua</span> <span class='ocrx_word' id='word_1_187' title='bbox 355 2734 453 2798; x_wconf 87' lang='lat' dir='ltr'>maris</span> <span class='ocrx_word' id='word_1_188' title='bbox 476 2735 624 2800; x_wconf 86' lang='lat' dir='ltr'>extremis</span> <span class='ocrx_word' id='word_1_189' title='bbox 645 2734 741 2798; x_wconf 89' lang='lat' dir='ltr'>tellus</span> <span class='ocrx_word' id='word_1_190' title='bbox 762 2733 935 2798; x_wconf 90' lang='lat' dir='ltr'>includitur</span> <span class='ocrx_word' id='word_1_191' title='bbox 956 2733 1060 2800; x_wconf 79' lang='lat' dir='ltr'>undis</span> 
     </span>
     <span class='ocr_line' id='line_1_32' title="bbox 262 2816 1168 2904; baseline -0.001 -20"><span class='ocrx_word' id='word_1_192' title='bbox 262 2817 348 2884; x_wconf 89' lang='lat' dir='ltr'>Nam</span> <span class='ocrx_word' id='word_1_193' title='bbox 364 2816 581 2902; x_wconf 77' lang='lat' dir='ltr'>Ciconumque</span> <span class='ocrx_word' id='word_1_194' title='bbox 602 2840 714 2882; x_wconf 90' lang='lat' dir='ltr'>manus</span> <span class='ocrx_word' id='word_1_195' title='bbox 737 2817 876 2882; x_wconf 87' lang='lat' dir='ltr'>adversis</span> <span class='ocrx_word' id='word_1_196' title='bbox 898 2819 1038 2902; x_wconf 88' lang='lat' dir='ltr'>reppulit</span> <span class='ocrx_word' id='word_1_197' title='bbox 1059 2819 1168 2904; x_wconf 78' lang='lat' dir='ltr'>armis,</span> 
     </span>
     <span class='ocr_line' id='line_1_33' title="bbox 213 2901 1024 2984; baseline 0.002 -21"><span class='ocrx_word' id='word_1_198' title='bbox 213 2915 246 2964; x_wconf 78' lang='lat'>55</span> <span class='ocrx_word' id='word_1_199' title='bbox 261 2901 331 2968; x_wconf 86' lang='lat' dir='ltr'>Nec</span> <span class='ocrx_word' id='word_1_200' title='bbox 352 2903 455 2969; x_wconf 84' lang='lat' dir='ltr'>valuit</span> <span class='ocrx_word' id='word_1_201' title='bbox 475 2903 559 2967; x_wconf 88' lang='lat' dir='ltr'>lotos</span> <span class='ocrx_word' id='word_1_202' title='bbox 582 2923 638 2968; x_wconf 89' lang='lat' dir='ltr'>coe</span> <span class='ocrx_word' id='word_1_203' title='bbox 661 2905 712 2967; x_wconf 87' lang='lat' dir='ltr'>tos</span> <span class='ocrx_word' id='word_1_204' title='bbox 735 2905 876 2966; x_wconf 84' lang='lat' dir='ltr'>avertere</span> <span class='ocrx_word' id='word_1_205' title='bbox 899 2923 1024 2984; x_wconf 87' lang='lat' dir='ltr'>cursus,</span> 
     </span>
     <span class='ocr_line' id='line_1_34' title="bbox 264 2985 1046 3072; baseline -0.003 -21"><span class='ocrx_word' id='word_1_206' title='bbox 264 2985 369 3051; x_wconf 80' lang='lat' dir='ltr'>Gessit</span> <span class='ocrx_word' id='word_1_207' title='bbox 390 2991 423 3053; x_wconf 90' lang='lat' dir='ltr'>et</span> <span class='ocrx_word' id='word_1_208' title='bbox 443 2987 605 3053; x_wconf 86' lang='lat' dir='ltr'>Aetnaeae</span> <span class='ocrx_word' id='word_1_209' title='bbox 661 2988 808 3072; x_wconf 88' lang='lat' dir='ltr'>eptunius</span> <span class='ocrx_word' id='word_1_210' title='bbox 830 2986 936 3050; x_wconf 90' lang='lat' dir='ltr'>incola</span> <span class='ocrx_word' id='word_1_211' title='bbox 957 2987 1046 3070; x_wconf 87' lang='lat' dir='ltr'>rupis</span> 
     </span>
     <span class='ocr_line' id='line_1_35' title="bbox 262 3069 1013 3152; baseline 0 -18"><span class='ocrx_word' id='word_1_212' title='bbox 262 3069 359 3135; x_wconf 86' lang='lat' dir='ltr'>Victa</span> <span class='ocrx_word' id='word_1_213' title='bbox 380 3071 534 3137; x_wconf 84' lang='lat' dir='ltr'>Maroneo</span> <span class='ocrx_word' id='word_1_214' title='bbox 557 3072 704 3152; x_wconf 78' lang='lat' dir='ltr'>foedatus</span> <span class='ocrx_word' id='word_1_215' title='bbox 725 3071 847 3136; x_wconf 89' lang='lat' dir='ltr'>lumina</span> <span class='ocrx_word' id='word_1_216' title='bbox 868 3069 1013 3135; x_wconf 85' lang='lat' dir='ltr'>Baccho:</span> 
     </span>
     <span class='ocr_line' id='line_1_36' title="bbox 262 3152 1104 3241; baseline 0.004 -25"><span class='ocrx_word' id='word_1_217' title='bbox 262 3152 360 3217; x_wconf 83' lang='lat' dir='ltr'>Venit</span> <span class='ocrx_word' id='word_1_218' title='bbox 382 3157 415 3220; x_wconf 87' lang='grc'>11</span> <span class='ocrx_word' id='word_1_219' title='bbox 435 3156 567 3221; x_wconf 86' lang='lat' dir='ltr'>Aeolios</span> <span class='ocrx_word' id='word_1_220' title='bbox 588 3156 749 3241; x_wconf 86' lang='lat' dir='ltr'>placidum</span> <span class='ocrx_word' id='word_1_221' title='bbox 770 3175 828 3240; x_wconf 90' lang='lat' dir='ltr'>per</span> <span class='ocrx_word' id='word_1_222' title='bbox 848 3153 954 3219; x_wconf 86' lang='lat' dir='ltr'>Nerea</span> <span class='ocrx_word' id='word_1_223' title='bbox 976 3157 1104 3219; x_wconf 88' lang='lat' dir='ltr'>ventos:</span> 
     </span>
     <span class='ocr_line' id='line_1_37' title="bbox 262 3236 1066 3325; baseline 0 -23"><span class='ocrx_word' id='word_1_224' title='bbox 262 3236 406 3302; x_wconf 88' lang='lat' dir='ltr'>Incultos</span> <span class='ocrx_word' id='word_1_225' title='bbox 429 3241 509 3303; x_wconf 87' lang='lat' dir='ltr'>adiit</span> <span class='ocrx_word' id='word_1_226' title='bbox 530 3240 764 3325; x_wconf 85' lang='lat' dir='ltr'>Laestrygonas</span> <span class='ocrx_word' id='word_1_227' title='bbox 786 3236 1066 3322; x_wconf 83' lang='lat' dir='ltr'>Antiphatenque,</span> 
     </span>
     <span class='ocr_line' id='line_1_38' title="bbox 213 3321 1033 3409; baseline 0.002 -25"><span class='ocrx_word' id='word_1_228' title='bbox 213 3335 247 3384; x_wconf 82' lang='grc'>00</span> <span class='ocrx_word' id='word_1_229' title='bbox 261 3321 389 3385; x_wconf 89' lang='lat' dir='ltr'>Nobilis</span> <span class='ocrx_word' id='word_1_230' title='bbox 412 3323 541 3386; x_wconf 87' lang='lat' dir='ltr'>Artacie</span> <span class='ocrx_word' id='word_1_231' title='bbox 562 3324 669 3406; x_wconf 85' lang='lat' dir='ltr'>gelida</span> <span class='ocrx_word' id='word_1_232' title='bbox 690 3346 769 3409; x_wconf 91' lang='lat' dir='ltr'>quos</span> <span class='ocrx_word' id='word_1_233' title='bbox 791 3323 911 3406; x_wconf 85' lang='lat' dir='ltr'>inrigat</span> <span class='ocrx_word' id='word_1_234' title='bbox 931 3322 1033 3386; x_wconf 89' lang='lat' dir='ltr'>unda:</span> 
     </span>
     <span class='ocr_line' id='line_1_39' title="bbox 263 3405 1055 3490; baseline -0.001 -20"><span class='ocrx_word' id='word_1_235' title='bbox 263 3405 373 3470; x_wconf 84' lang='lat' dir='ltr'>Solum</span> <span class='ocrx_word' id='word_1_236' title='bbox 394 3425 454 3468; x_wconf 87' lang='lat' dir='ltr'>neo</span> <span class='ocrx_word' id='word_1_237' title='bbox 477 3405 587 3468; x_wconf 85' lang='lat' dir='ltr'>doctae</span> <span class='ocrx_word' id='word_1_238' title='bbox 608 3410 772 3472; x_wconf 83' lang='lat' dir='ltr'>verterunt</span> <span class='ocrx_word' id='word_1_239' title='bbox 793 3407 908 3490; x_wconf 86' lang='lat' dir='ltr'>pocula</span> <span class='ocrx_word' id='word_1_240' title='bbox 931 3405 1055 3489; x_wconf 81' lang='lat' dir='ltr'>Circes,</span> 
     </span>
     <span class='ocr_line' id='line_1_40' title="bbox 264 3487 1145 3576; baseline 0.003 -23"><span class='ocrx_word' id='word_1_241' title='bbox 264 3487 414 3564; x_wconf 83' lang='lat' dir='ltr'>Quamvis</span> <span class='ocrx_word' id='word_1_242' title='bbox 435 3489 492 3552; x_wconf 88' lang='lat' dir='ltr'>illa</span> <span class='ocrx_word' id='word_1_243' title='bbox 513 3488 597 3552; x_wconf 85' lang='lat' dir='ltr'>foret</span> <span class='ocrx_word' id='word_1_244' title='bbox 618 3488 701 3555; x_wconf 81' lang='lat' dir='ltr'>Solis</span> <span class='ocrx_word' id='word_1_245' title='bbox 724 3513 841 3576; x_wconf 85' lang='lat' dir='ltr'>genus,</span> <span class='ocrx_word' id='word_1_246' title='bbox 864 3493 939 3574; x_wconf 87' lang='lat' dir='ltr'>apta</span> <span class='ocrx_word' id='word_1_247' title='bbox 960 3491 1013 3554; x_wconf 89' lang='grc'>111</span> <span class='ocrx_word' id='word_1_248' title='bbox 1033 3489 1145 3556; x_wconf 83' lang='lat' dir='ltr'>herbis</span> 
     </span>
    </p>
   </div>
   <div class='ocr_carea' id='block_1_6' title="bbox 0 0 1238 4036">
    <p class='ocr_par' dir='ltr' id='par_1_7' title="bbox 0 0 1238 4036">
     <span class='ocr_line' id='line_1_41' title="bbox 0 0 1238 4036; baseline 0 3"><span class='ocrx_word' id='word_1_249' title='bbox 0 0 1238 4036; x_wconf 95' lang='lat' dir='ltr'> </span> 
     </span>
    </p>
   </div>
  </div>
 </body>
</html>
