2444 4056
416 187 631 244 PRAEFATIO.
936 197 1012 248 lel

112 355 163 426 24,
179 354 200 411 4
214 352 316 414 dscdoc
329 352 464 426 Vossius,
481 355 529 412 Mi
543 351 582 412 V.

113 439 163 510 25,
181 437 200 492 2
220 439 330 496 orioido
351 437 493 512 Scaliger,
515 437 656 497 moricida
670 435 713 512 V3
736 437 774 496 ci.
795 440 827 497 et
839 439 1016 498 Buechclori

57 519 247 580 Coniectanea
267 519 375 580 Latina
403 515 476 600 [ind.
499 521 590 580 schol.
611 521 726 579 hibern.
740 521 966 598 -Grppbiswald
988 543 1015 581 a.

60 599 240 681 rete-69]
257 622 307 680 pg.
323 605 373 662 16.
403 603 589 679 Quamquam
603 605 629 663 is
643 604 762 663 videtur
776 607 924 680 praeferre
939 607 1016 664 illud

112 771 154 829 ib.
170 771 521 843 bmoocrariosbachm,
534 773 639 831 mulier
649 788 717 832 oves
727 773 776 832 vel
791 772 900 832 similia
915 772 1012 848 codd.;

60 855 91 911 cs.
107 853 253 914 Schwcbii
268 858 369 914 annot.

117 939 166 1010 26,
186 939 203 994 1
223 941 342 1007 eodm
360 943 457 998 vostro
471 938 557 1012 Itali,
575 939 761 1012 Schwcbios,
777 939 848 998 fort.
864 943 959 1012 recte,
976 939 1016 999 cf.

60 1021 141 1079 buius
157 1023 271 1096 quaest.
287 1019 396 1080 Catull.
412 1041 462 1097 pg.
481 1023 552 1080 152.

118 1105 166 1176 27,
181 1105 329 1164 latrices
343 1106 622 1177 mameoriodorim
637 1107 674 1165 cf.
690 1107 719 1165 d.
735 1126 759 1164 r.
775 1126 816 1165 m.
834 1109 905 1166 279.

119 1188 166 1258 29,
183 1189 203 1246 5
224 1190 342 1248 cinaedo
355 1188 477 1250 minc
490 1189 560 1249 haec
573 1191 681 1250 videbis
695 1196 721 1250 et
734 1190 832 1264 seres?
852 1191 926 1250 Post
940 1191 1018 1250 hunc

61 1289 173 1330 versum
192 1289 260 1330 cum
281 1271 447 1331 rectissimo
467 1273 577 1332 iudicio
602 1275 648 1333 usi
674 1274 857 1333 addidissent
881 1274 1019 1349 plerique

63 1359 124 1413 ante
137 1355 256 1413 Loobm.
277 1355 373 1414 critici
392 1356 495 1422 illo,es
509 1358 674 1430 impudicus
688 1363 715 1417 el
727 1375 819 1417 vorax
831 1363 857 1416 et
871 1359 943 1426 oleo,
957 1357 1018 1416 iam

63 1441 124 1510 post
136 1457 246 1496 annum
263 1439 343 1498 1829
357 1439 428 1497 haec
442 1439 533 1500 verba
547 1441 585 1499 ab
600 1442 737 1500 omnibus
752 1441 933 1500 editionibus
948 1459 1018 1499 exu-

63 1521 129 1580 lant.
156 1522 250 1596 Atqui
270 1540 318 1579 me
339 1522 459 1597 quidem
479 1524 505 1582 si
519 1524 636 1598 audies,
657 1528 709 1583 aut
724 1522 859 1583 Catullus
875 1525 957 1582 omni
971 1543 1018 1581 ra-

64 1605 136 1662 tione
150 1608 181 1662 ct
194 1605 318 1664 consilio
333 1606 437 1677 caruit,
453 1610 505 1665 aut
519 1608 657 1666 trimeter
669 1608 729 1668 iste
743 1626 778 1667 eo
792 1609 868 1680 loco,
884 1626 943 1682 quo
958 1608 1035 1665 iam‘

65 1689 250 1762 reposuimus,
272 1688 331 1747 fuit
344 1689 511 1762 addendus,
527 1692 576 1750 vol
590 1695 693 1750 contra
706 1692 854 1749 librorum
868 1691 966 1762 fidem,
983 1707 1019 1746 ex

66 1771 162 1844 quibus
179 1772 348 1830 mehercule
374 1773 490 1830 nullam
512 1773 602 1830 eliam
621 1775 659 1831 ob
679 1791 796 1831 causam
817 1771 940 1843 excidit,
961 1771 1020 1829 nisi

66 1854 136 1928 quod
156 1857 190 1912 ut
209 1855 258 1912 hic
277 1874 381 1914 uersus
402 1855 439 1913 ab
460 1858 502 1913 esi
521 1855 617 1914 litoris
637 1855 681 1913 ita
695 1855 848 1929 proximus
862 1854 969 1929 incipit
983 1855 1020 1912 ab

67 1939 106 1993 ali.
133 1937 209 1995 Nam
224 1939 275 2013 qui
295 1940 328 1997 in
342 1939 440 2014 primo
456 1939 586 1996 carmine
600 1941 726 2014 negarat
740 1937 874 1998 Caesaris
888 1937 1021 1996 facinora

67 2038 233 2096 quemquam
247 2040 335 2096 posse
352 2023 504 2097 adspicere
524 2023 625 2098 aequis
641 2023 742 2096 oculis,
764 2023 822 2081 nisi
836 2022 1021 2096 impudicum

68 2105 95 2158 et
111 2122 243 2164 voracem
265 2107 297 2164 et
314 2106 464 2178 alconem,
485 2125 554 2165 eum
574 2107 692 2180 putabis
714 2107 799 2180 qussi
812 2125 867 2181 per
881 2124 1021 2180 soporem

67 2185 152 2246 tribus
165 2189 319 2258 uersiculis
339 2189 503 2248 interiectis
517 2190 579 2246 iam
599 2189 727 2248 oblitum
741 2189 821 2263 quod
835 2189 925 2247 modo
940 2191 1020 2246 dixe·

69 2272 154 2328 rotet
172 2290 278 2331 rursus
298 2273 382 2347 quasi
402 2275 607 2347 experrectum
627 2291 645 2331 e
665 2291 769 2332 somno
783 2273 883 2332 versui
905 2273 1020 2330 decimo

69 2351 169 2412 adicere
190 2353 222 2411 id
243 2355 323 2429 quod
344 2358 395 2413 aut
415 2358 541 2430 utroque
561 2356 626 2414 loco
647 2355 716 2414 addi
736 2356 870 2430 oportuit
884 2358 936 2413 aut
949 2373 1021 2412 neu·

69 2435 128 2492 tro?
155 2437 327 2512 Numquam
347 2438 515 2497 mehercule
534 2441 634 2498 motus
655 2441 735 2498 esset
753 2440 819 2498 loco
840 2457 943 2497 versus
958 2439 1020 2510 ille,

69 2519 117 2575 nisi
129 2519 310 2580 Lachmanni
324 2522 490 2581 obstitisset
503 2522 673 2582 auctoritas.
703 2521 844 2582 Ceterum
858 2541 948 2595 quam
963 2521 1021 2579 fre-

69 2617 150 2674 quens
170 2605 210 2664 sit
231 2603 367 2664 Catullus
387 2605 557 2680 repetendis
576 2605 609 2664 in
633 2605 725 2665 simili
750 2605 900 2664 sententie
926 2605 1022 2664 isdem

69 2686 191 2746 versibus
206 2689 319 2746 nemini
334 2689 480 2764 ignotum.

123 2770 159 2828 ib.
175 2773 194 2829 8
210 2777 263 2830 aot
276 2770 415 2832 Adoneus
430 2772 553 2846 Statius,
569 2778 622 2832 aul
641 2774 762 2833 idocem
782 2771 862 2842 libri,
886 2770 938 2826 alii
952 2769 1024 2829 houd

120 2936 159 2996 ib.
176 2939 219 2996 13
234 2943 348 3008 vestrm·
369 2939 405 2997 de
419 2939 656 3014 pronominibus,
679 2955 755 3013 quac
771 2939 841 2994 sunt
854 2953 913 3004 cos,
933 2941 1025 2996 vester

67 3018 162 3086 positis
176 3039 231 3096 pro
246 3026 288 3089 tu,
302 3027 381 3091 tuus,
396 3022 473 3080 dixit
480 3021 652 3097 Schwebius
667 3021 699 3078 in
713 3023 825 3094 quaest.
835 3018 900 3078 Cat.
911 3021 1022 3094 154sq.

67 3095 121 3158 Nec
138 3105 219 3163 solus
241 3103 377 3165 Catullus
396 3105 510 3164 amerit
529 3105 608 3163 hunc
628 3123 715 3164 usum
736 3104 886 3179 loquendi.
914 3135 956 3144 -
981 3103 1025 3162 ib.

68 3181 189 3252 defututa
199 3186 416 3262 Lachmannus‚
432 3189 577 3261 differtum
587 3187 625 3246 V.
641 3219 682 3230 -
697 3189 841 3256 Mentula,
855 3187 893 3244 cf.
907 3185 1023 3245 Schwa-

69 3262 103 3321 bii
116 3273 227 3342 quaest
245 3270 309 3329 Oct.
324 3291 375 3348 pg.
392 3273 453 3332 227
469 3291 533 3348 sqq.
618 3289 621 3296 ‘

121 3351 159 3409 ib.
176 3354 226 3412 20.
248 3353 337 3414 Hunc
355 3375 385 3414 v.
406 3359 480 3430 quot
501 3356 677 3415 coniecturis
697 3353 912 3429 temptauerint
934 3351 1022 3420 docti,

69 3429 156 3514 ridere
170 3438 292 3512 poterit,
308 3439 356 3496 cui
370 3440 496 3514 vacabit,
513 3441 592 3514 apud
602 3438 790 3498 Schwabium
804 3429 854 3496 rel
868 3433 1023 3504 Ellisium3
