<?xml version="1.0" encoding="UTF-8"?>
<!DOCTYPE html PUBLIC "-//W3C//DTD XHTML 1.0 Transitional//EN"
    "http://www.w3.org/TR/xhtml1/DTD/xhtml1-transitional.dtd">
<html xmlns="http://www.w3.org/1999/xhtml" xml:lang="en" lang="en">
 <head>
  <title>
</title>
<meta http-equiv="Content-Type" content="text/html;charset=utf-8" />
  <meta name='ocr-system' content='tesseract 3.04.00' />
  <meta name='ocr-capabilities' content='ocr_page ocr_carea ocr_par ocr_line ocrx_word'/>
</head>
<body>
  <div class='ocr_page' id='page_1' title='image "./catvllitibvllip00priagoog_0111.png"; bbox 0 0 2470 4010; ppageno 0'>
   <div class='ocr_carea' id='block_1_1' title="bbox 38 228 607 302">
    <p class='ocr_par' dir='ltr' id='par_1_1' title="bbox 38 228 607 302">
     <span class='ocr_line' id='line_1_1' title="bbox 38 228 607 302; baseline 0.007 -16"><span class='ocrx_word' id='word_1_1' title='bbox 38 231 166 302; x_wconf 77' lang='lat' dir='ltr'>mxu]</span> <span class='ocrx_word' id='word_1_2' title='bbox 468 228 583 285; x_wconf 78' lang='lat' dir='ltr'>nmen.</span> <span class='ocrx_word' id='word_1_3' title='bbox 605 287 607 290; x_wconf 77' lang='grc'>,</span> 
     </span>
    </p>
   </div>
   <div class='ocr_carea' id='block_1_2' title="bbox 197 390 870 643">
    <p class='ocr_par' dir='ltr' id='par_1_2' title="bbox 197 390 870 643">
     <span class='ocr_line' id='line_1_2' title="bbox 198 390 824 476; baseline 0.002 -20"><span class='ocrx_word' id='word_1_4' title='bbox 198 391 273 474; x_wconf 79' lang='lat' dir='ltr'>Itis,</span> <span class='ocrx_word' id='word_1_5' title='bbox 296 390 550 474; x_wconf 76' lang='lat' dir='ltr'>quandoquidem</span> <span class='ocrx_word' id='word_1_6' title='bbox 572 391 672 474; x_wconf 81' lang='lat' dir='ltr'>patris</span> <span class='ocrx_word' id='word_1_7' title='bbox 693 393 824 476; x_wconf 77' lang='lat' dir='ltr'>rapinae</span> 
     </span>
     <span class='ocr_line' id='line_1_3' title="bbox 197 475 870 562; baseline 0.003 -22"><span class='ocrx_word' id='word_1_8' title='bbox 197 475 302 540; x_wconf 80' lang='lat' dir='ltr'>Notae</span> <span class='ocrx_word' id='word_1_9' title='bbox 324 477 400 540; x_wconf 87' lang='lat' dir='ltr'>sunt</span> <span class='ocrx_word' id='word_1_10' title='bbox 419 475 553 558; x_wconf 87' lang='lat' dir='ltr'>populo,</span> <span class='ocrx_word' id='word_1_11' title='bbox 576 477 609 538; x_wconf 89' lang='lat' dir='ltr'>et</span> <span class='ocrx_word' id='word_1_12' title='bbox 629 476 713 538; x_wconf 80' lang='lat' dir='ltr'>netis</span> <span class='ocrx_word' id='word_1_13' title='bbox 735 476 870 562; x_wconf 81' lang='lat' dir='ltr'>pilosas,</span> 
     </span>
     <span class='ocr_line' id='line_1_4' title="bbox 198 558 765 643; baseline 0 -20"><span class='ocrx_word' id='word_1_14' title='bbox 198 559 275 643; x_wconf 86' lang='lat' dir='ltr'>Fili,</span> <span class='ocrx_word' id='word_1_15' title='bbox 298 580 365 624; x_wconf 92' lang='lat' dir='ltr'>non</span> <span class='ocrx_word' id='word_1_16' title='bbox 386 561 479 643; x_wconf 88' lang='lat' dir='ltr'>potes</span> <span class='ocrx_word' id='word_1_17' title='bbox 500 579 570 622; x_wconf 86' lang='lat' dir='ltr'>esse</span> <span class='ocrx_word' id='word_1_18' title='bbox 592 558 765 630; x_wconf 84' lang='lat' dir='ltr'>venditare.</span> 
     </span>
    </p>
   </div>
   <div class='ocr_carea' id='block_1_3' title="bbox 454 689 605 698">
    <p class='ocr_par' dir='ltr' id='par_1_3' title="bbox 454 689 605 698">
     <span class='ocr_line' id='line_1_5' title="bbox 454 689 605 698; baseline -0.013 0"><span class='ocrx_word' id='word_1_19' title='bbox 454 689 605 698; x_wconf 79' lang='lat'><em>...—-—</em></span> 
     </span>
    </p>
   </div>
   <div class='ocr_carea' id='block_1_4' title="bbox 432 771 660 845">
    <p class='ocr_par' dir='ltr' id='par_1_4' title="bbox 432 771 660 845">
     <span class='ocr_line' id='line_1_6' title="bbox 432 771 660 845; baseline -0.035 -1"><span class='ocrx_word' id='word_1_20' title='bbox 432 771 617 845; x_wconf 88' lang='lat' dir='ltr'>XXXllH.</span> <span class='ocrx_word' id='word_1_21' title='bbox 648 804 660 836; x_wconf 53' lang='lat' dir='ltr'>e</span> 
     </span>
    </p>
   </div>
   <div class='ocr_carea' id='block_1_5' title="bbox 248 895 698 1230">
    <p class='ocr_par' dir='ltr' id='par_1_5' title="bbox 249 895 641 960">
     <span class='ocr_line' id='line_1_7' title="bbox 249 895 641 960; baseline -0.003 -1"><span class='ocrx_word' id='word_1_22' title='bbox 249 895 371 960; x_wconf 80' lang='lat' dir='ltr'>Dianae</span> <span class='ocrx_word' id='word_1_23' title='bbox 394 915 501 958; x_wconf 72' lang='lat' dir='ltr'>numus</span> <span class='ocrx_word' id='word_1_24' title='bbox 524 895 558 958; x_wconf 90' lang='lat' dir='ltr'>in</span> <span class='ocrx_word' id='word_1_25' title='bbox 579 895 641 958; x_wconf 85' lang='lat' dir='ltr'>fide</span> 
     </span>
    </p>

    <p class='ocr_par' dir='ltr' id='par_1_6' title="bbox 249 978 698 1062">
     <span class='ocr_line' id='line_1_8' title="bbox 249 978 698 1062; baseline 0.004 -18"><span class='ocrx_word' id='word_1_26' title='bbox 249 979 377 1044; x_wconf 71' lang='lat' dir='ltr'>Puellae</span> <span class='ocrx_word' id='word_1_27' title='bbox 399 984 432 1042; x_wconf 89' lang='lat' dir='ltr'>et</span> <span class='ocrx_word' id='word_1_28' title='bbox 451 979 542 1061; x_wconf 89' lang='lat' dir='ltr'>pueri</span> <span class='ocrx_word' id='word_1_29' title='bbox 563 978 698 1062; x_wconf 76' lang='lat' dir='ltr'>integri:</span> 
     </span>
    </p>

    <p class='ocr_par' dir='ltr' id='par_1_7' title="bbox 248 1063 661 1230">
     <span class='ocr_line' id='line_1_9' title="bbox 248 1063 643 1145; baseline 0 -17"><span class='ocrx_word' id='word_1_30' title='bbox 248 1063 396 1128; x_wconf 79' lang='lat' dir='ltr'><em>Dianam</em></span> <span class='ocrx_word' id='word_1_31' title='bbox 412 1065 508 1145; x_wconf 76' lang='lat' dir='ltr'>pueri</span> <span class='ocrx_word' id='word_1_32' title='bbox 529 1065 643 1144; x_wconf 76' lang='lat' dir='ltr'>intepri</span> 
     </span>
     <span class='ocr_line' id='line_1_10' title="bbox 290 1147 661 1230; baseline 0.003 -19"><span class='ocrx_word' id='word_1_33' title='bbox 290 1147 479 1230; x_wconf 83' lang='lat' dir='ltr'>Puellneque</span> <span class='ocrx_word' id='word_1_34' title='bbox 501 1167 661 1212; x_wconf 80' lang='lat' dir='ltr'>canamus.</span> 
     </span>
    </p>
   </div>
   <div class='ocr_carea' id='block_1_6' title="bbox 248 1264 741 1600">
    <p class='ocr_par' dir='ltr' id='par_1_8' title="bbox 248 1264 600 1347">
     <span class='ocr_line' id='line_1_11' title="bbox 248 1264 600 1347; baseline -0.006 -18"><span class='ocrx_word' id='word_1_35' title='bbox 248 1265 276 1329; x_wconf 92' lang='lat'>0</span> <span class='ocrx_word' id='word_1_36' title='bbox 298 1264 447 1347; x_wconf 82' lang='lat' dir='ltr'>Latonia,</span> <span class='ocrx_word' id='word_1_37' title='bbox 469 1265 600 1328; x_wconf 79' lang='lat' dir='ltr'>maximi</span> 
     </span>
    </p>

    <p class='ocr_par' dir='ltr' id='par_1_9' title="bbox 249 1347 681 1433">
     <span class='ocr_line' id='line_1_12' title="bbox 249 1347 681 1433; baseline 0.002 -21"><span class='ocrx_word' id='word_1_38' title='bbox 249 1349 369 1433; x_wconf 81' lang='lat' dir='ltr'>Magne</span> <span class='ocrx_word' id='word_1_39' title='bbox 390 1349 559 1432; x_wconf 83' lang='lat' dir='ltr'>progenies</span> <span class='ocrx_word' id='word_1_40' title='bbox 580 1347 681 1431; x_wconf 84' lang='lat' dir='ltr'>Iovis,</span> 
     </span>
    </p>

    <p class='ocr_par' dir='ltr' id='par_1_10' title="bbox 248 1433 741 1600">
     <span class='ocr_line' id='line_1_13' title="bbox 248 1433 741 1515; baseline 0.002 -19"><span class='ocrx_word' id='word_1_41' title='bbox 248 1433 351 1508; x_wconf 81' lang='lat' dir='ltr'>Quem</span> <span class='ocrx_word' id='word_1_42' title='bbox 372 1436 474 1496; x_wconf 84' lang='lat' dir='ltr'>meter</span> <span class='ocrx_word' id='word_1_43' title='bbox 494 1453 593 1515; x_wconf 86' lang='lat' dir='ltr'>prope</span> <span class='ocrx_word' id='word_1_44' title='bbox 614 1433 741 1498; x_wconf 80' lang='lat' dir='ltr'>Deliam</span> 
     </span>
     <span class='ocr_line' id='line_1_14' title="bbox 289 1516 611 1600; baseline 0 -20"><span class='ocrx_word' id='word_1_45' title='bbox 289 1516 458 1600; x_wconf 78' lang='lat' dir='ltr'>Deposivit</span> <span class='ocrx_word' id='word_1_46' title='bbox 480 1517 611 1600; x_wconf 79' lang='lat' dir='ltr'>olivam,</span> 
     </span>
    </p>
   </div>
   <div class='ocr_carea' id='block_1_7' title="bbox 249 1633 724 1968">
    <p class='ocr_par' dir='ltr' id='par_1_11' title="bbox 250 1633 724 1698">
     <span class='ocr_line' id='line_1_15' title="bbox 250 1633 724 1698; baseline -0.002 -1"><span class='ocrx_word' id='word_1_47' title='bbox 250 1634 410 1698; x_wconf 89' lang='lat' dir='ltr'>Montium</span> <span class='ocrx_word' id='word_1_48' title='bbox 432 1633 561 1698; x_wconf 85' lang='lat' dir='ltr'>domina</span> <span class='ocrx_word' id='word_1_49' title='bbox 582 1637 619 1698; x_wconf 89' lang='lat' dir='ltr'>ut</span> <span class='ocrx_word' id='word_1_50' title='bbox 639 1635 724 1697; x_wconf 85' lang='lat' dir='ltr'>fores</span> 
     </span>
    </p>

    <p class='ocr_par' dir='ltr' id='par_1_12' title="bbox 249 1718 660 1801">
     <span class='ocr_line' id='line_1_16' title="bbox 249 1718 660 1801; baseline -0.007 -19"><span class='ocrx_word' id='word_1_51' title='bbox 249 1718 468 1801; x_wconf 77' lang='lat' dir='ltr'>Silvarumque</span> <span class='ocrx_word' id='word_1_52' title='bbox 489 1718 660 1781; x_wconf 72' lang='lat' dir='ltr'>virentium</span> 
     </span>
    </p>

    <p class='ocr_par' dir='ltr' id='par_1_13' title="bbox 249 1801 713 1968">
     <span class='ocr_line' id='line_1_17' title="bbox 249 1801 713 1885; baseline -0.006 -19"><span class='ocrx_word' id='word_1_53' title='bbox 249 1801 456 1885; x_wconf 81' lang='lat' dir='ltr'>Saltuumque</span> <span class='ocrx_word' id='word_1_54' title='bbox 476 1801 713 1864; x_wconf 84' lang='lat' dir='ltr'>reconditorum</span> 
     </span>
     <span class='ocr_line' id='line_1_18' title="bbox 289 1886 704 1968; baseline -0.01 -18"><span class='ocrx_word' id='word_1_55' title='bbox 289 1886 505 1968; x_wconf 87' lang='lat' dir='ltr'>Amniumque</span> <span class='ocrx_word' id='word_1_56' title='bbox 526 1887 704 1948; x_wconf 79' lang='lat' dir='ltr'>sonantum.</span> 
     </span>
    </p>
   </div>
   <div class='ocr_carea' id='block_1_8' title="bbox 247 2001 1009 2319">
    <p class='ocr_par' dir='ltr' id='par_1_14' title="bbox 248 2001 640 2067">
     <span class='ocr_line' id='line_1_19' title="bbox 248 2001 640 2067; baseline -0.005 0"><span class='ocrx_word' id='word_1_57' title='bbox 248 2003 297 2067; x_wconf 76' lang='lat' dir='ltr'>Tu</span> <span class='ocrx_word' id='word_1_58' title='bbox 317 2003 439 2067; x_wconf 84' lang='lat' dir='ltr'>Lucina</span> <span class='ocrx_word' id='word_1_59' title='bbox 460 2001 640 2066; x_wconf 71' lang='lat' dir='ltr'>dolentibus</span> 
     </span>
    </p>

    <p class='ocr_par' dir='ltr' id='par_1_15' title="bbox 247 2087 634 2170">
     <span class='ocr_line' id='line_1_20' title="bbox 247 2087 634 2170; baseline -0.003 -20"><span class='ocrx_word' id='word_1_60' title='bbox 247 2087 328 2151; x_wconf 92' lang='lat' dir='ltr'>Iuno</span> <span class='ocrx_word' id='word_1_61' title='bbox 351 2088 435 2151; x_wconf 80' lang='lat' dir='ltr'>dieta</span> <span class='ocrx_word' id='word_1_62' title='bbox 478 2087 634 2170; x_wconf 76' lang='lat' dir='ltr'>uerperiS,</span> 
     </span>
    </p>

    <p class='ocr_par' dir='ltr' id='par_1_16' title="bbox 247 2169 1009 2319">
     <span class='ocr_line' id='line_1_21' title="bbox 247 2169 1009 2255; baseline 0.001 -20"><span class='ocrx_word' id='word_1_63' title='bbox 247 2171 296 2235; x_wconf 76' lang='lat' dir='ltr'>Tu</span> <span class='ocrx_word' id='word_1_64' title='bbox 316 2174 431 2255; x_wconf 84' lang='lat' dir='ltr'>potens</span> <span class='ocrx_word' id='word_1_65' title='bbox 500 2171 560 2235; x_wconf 81' lang='lat' dir='ltr'>‘via</span> <span class='ocrx_word' id='word_1_66' title='bbox 582 2174 614 2234; x_wconf 89' lang='lat' dir='ltr'>et</span> <span class='ocrx_word' id='word_1_67' title='bbox 634 2169 761 2236; x_wconf 83' lang='lat' dir='ltr'>notho&#39;s</span> <span class='ocrx_word' id='word_1_68' title='bbox 977 2187 1009 2236; x_wconf 85' lang='lat'>15</span> 
     </span>
     <span class='ocr_line' id='line_1_22' title="bbox 288 2253 646 2319; baseline 0 -1"><span class='ocrx_word' id='word_1_69' title='bbox 288 2253 384 2319; x_wconf 81' lang='lat' dir='ltr'>Dicte</span> <span class='ocrx_word' id='word_1_70' title='bbox 405 2255 525 2319; x_wconf 91' lang='lat' dir='ltr'>lumine</span> <span class='ocrx_word' id='word_1_71' title='bbox 547 2255 646 2319; x_wconf 84' lang='lat' dir='ltr'>Luna.</span> 
     </span>
    </p>
   </div>
   <div class='ocr_carea' id='block_1_9' title="bbox 245 2371 704 2708">
    <p class='ocr_par' dir='ltr' id='par_1_17' title="bbox 247 2371 704 2456">
     <span class='ocr_line' id='line_1_23' title="bbox 247 2371 704 2456; baseline -0.002 -19"><span class='ocrx_word' id='word_1_72' title='bbox 247 2372 296 2437; x_wconf 83' lang='lat' dir='ltr'>Tu</span> <span class='ocrx_word' id='word_1_73' title='bbox 318 2395 425 2456; x_wconf 83' lang='lat' dir='ltr'>eursu,</span> <span class='ocrx_word' id='word_1_74' title='bbox 448 2371 521 2455; x_wconf 85' lang='lat' dir='ltr'>dee,</span> <span class='ocrx_word' id='word_1_75' title='bbox 543 2376 704 2438; x_wconf 86' lang='lat' dir='ltr'>menstruo</span> 
     </span>
    </p>

    <p class='ocr_par' dir='ltr' id='par_1_18' title="bbox 247 2456 629 2521">
     <span class='ocr_line' id='line_1_24' title="bbox 247 2456 629 2521; baseline 0 -1"><span class='ocrx_word' id='word_1_76' title='bbox 247 2456 384 2520; x_wconf 76' lang='lat' dir='ltr'>Metione</span> <span class='ocrx_word' id='word_1_77' title='bbox 406 2457 467 2520; x_wconf 88' lang='lat' dir='ltr'>iter</span> <span class='ocrx_word' id='word_1_78' title='bbox 489 2478 629 2521; x_wconf 83' lang='lat' dir='ltr'>annuom</span> 
     </span>
    </p>

    <p class='ocr_par' dir='ltr' id='par_1_19' title="bbox 245 2540 691 2708">
     <span class='ocr_line' id='line_1_25' title="bbox 245 2540 672 2625; baseline 0.002 -21"><span class='ocrx_word' id='word_1_79' title='bbox 245 2540 377 2604; x_wconf 77' lang='lat' dir='ltr'>Rustica</span> <span class='ocrx_word' id='word_1_80' title='bbox 399 2541 557 2625; x_wconf 82' lang='lat' dir='ltr'>agricolae</span> <span class='ocrx_word' id='word_1_81' title='bbox 579 2541 672 2605; x_wconf 86' lang='lat' dir='ltr'>bonis</span> 
     </span>
     <span class='ocr_line' id='line_1_26' title="bbox 288 2624 691 2708; baseline 0.002 -20"><span class='ocrx_word' id='word_1_82' title='bbox 288 2624 387 2688; x_wconf 80' lang='lat' dir='ltr'>Tecta</span> <span class='ocrx_word' id='word_1_83' title='bbox 408 2625 552 2708; x_wconf 69' lang='lat' dir='ltr'>frugibus</span> <span class='ocrx_word' id='word_1_84' title='bbox 574 2627 691 2708; x_wconf 76' lang='lat' dir='ltr'>expleS.</span> 
     </span>
    </p>
   </div>
   <div class='ocr_carea' id='block_1_10' title="bbox 245 2741 760 3078">
    <p class='ocr_par' dir='ltr' id='par_1_20' title="bbox 247 2741 727 2826">
     <span class='ocr_line' id='line_1_27' title="bbox 247 2741 727 2826; baseline 0.002 -21"><span class='ocrx_word' id='word_1_85' title='bbox 247 2741 298 2806; x_wconf 81' lang='lat' dir='ltr'>Sis</span> <span class='ocrx_word' id='word_1_86' title='bbox 321 2763 518 2826; x_wconf 84' lang='lat' dir='ltr'>quocumque</span> <span class='ocrx_word' id='word_1_87' title='bbox 539 2742 599 2806; x_wconf 85' lang='lat' dir='ltr'>tibi</span> <span class='ocrx_word' id='word_1_88' title='bbox 620 2743 727 2825; x_wconf 83' lang='lat' dir='ltr'>placet</span> 
     </span>
    </p>

    <p class='ocr_par' dir='ltr' id='par_1_21' title="bbox 246 2821 760 2909">
     <span class='ocr_line' id='line_1_28' title="bbox 246 2821 760 2909; baseline 0 -19"><span class='ocrx_word' id='word_1_89' title='bbox 246 2821 363 2890; x_wconf 76' lang='lat' dir='ltr'>saneta</span> <span class='ocrx_word' id='word_1_90' title='bbox 383 2827 529 2908; x_wconf 88' lang='lat' dir='ltr'>nomine,</span> <span class='ocrx_word' id='word_1_91' title='bbox 552 2826 760 2909; x_wconf 88' lang='lat' dir='ltr'>Romulique,</span> 
     </span>
    </p>

    <p class='ocr_par' dir='ltr' id='par_1_22' title="bbox 245 2910 709 3078">
     <span class='ocr_line' id='line_1_29' title="bbox 245 2910 709 2992; baseline 0 -20"><span class='ocrx_word' id='word_1_92' title='bbox 245 2910 387 2992; x_wconf 85' lang='lat' dir='ltr'>Antique</span> <span class='ocrx_word' id='word_1_93' title='bbox 408 2913 445 2972; x_wconf 89' lang='lat' dir='ltr'>ut</span> <span class='ocrx_word' id='word_1_94' title='bbox 466 2910 601 2991; x_wconf 78' lang='lat' dir='ltr'>solite’s,</span> <span class='ocrx_word' id='word_1_95' title='bbox 623 2910 709 2974; x_wconf 86' lang='lat' dir='ltr'>bona</span> 
     </span>
     <span class='ocr_line' id='line_1_30' title="bbox 288 2993 673 3078; baseline -0.003 -20"><span class='ocrx_word' id='word_1_96' title='bbox 288 2993 431 3078; x_wconf 84' lang='lat' dir='ltr'>Sospites</span> <span class='ocrx_word' id='word_1_97' title='bbox 453 3013 513 3076; x_wconf 87' lang='lat' dir='ltr'>ope</span> <span class='ocrx_word' id='word_1_98' title='bbox 534 2996 673 3077; x_wconf 83' lang='lat' dir='ltr'>gentem.</span> 
     </span>
    </p>
   </div>
   <div class='ocr_carea' id='block_1_11' title="bbox 448 3131 601 3141">
    <p class='ocr_par' dir='ltr' id='par_1_23' title="bbox 448 3131 601 3141">
     <span class='ocr_line' id='line_1_31' title="bbox 448 3131 601 3141; baseline -0.013 0"><span class='ocrx_word' id='word_1_99' title='bbox 448 3131 601 3141; x_wconf 70' lang='grc' dir='ltr'>..ι-..-</span> 
     </span>
    </p>
   </div>
   <div class='ocr_carea' id='block_1_12' title="bbox 445 3181 655 3279">
    <p class='ocr_par' dir='ltr' id='par_1_24' title="bbox 445 3181 655 3279">
     <span class='ocr_line' id='line_1_32' title="bbox 445 3181 655 3279; baseline -0.01 0"><span class='ocrx_word' id='word_1_100' title='bbox 445 3205 593 3279; x_wconf 77' lang='lat' dir='ltr'><strong>xxxv.</strong></span> <span class='ocrx_word' id='word_1_101' title='bbox 626 3181 655 3236; x_wconf 65' lang='lat' dir='ltr'>u</span> 
     </span>
    </p>
   </div>
   <div class='ocr_carea' id='block_1_13' title="bbox 82 3327 810 3642">
    <p class='ocr_par' dir='ltr' id='par_1_25' title="bbox 192 3327 676 3412">
     <span class='ocr_line' id='line_1_33' title="bbox 192 3327 676 3412; baseline 0.006 -19"><span class='ocrx_word' id='word_1_102' title='bbox 192 3327 310 3394; x_wconf 81' lang='lat' dir='ltr'>Poetae</span> <span class='ocrx_word' id='word_1_103' title='bbox 331 3332 457 3412; x_wconf 86' lang='lat' dir='ltr'>tenero,</span> <span class='ocrx_word' id='word_1_104' title='bbox 479 3351 551 3394; x_wconf 89' lang='lat' dir='ltr'>meo</span> <span class='ocrx_word' id='word_1_105' title='bbox 574 3329 676 3396; x_wconf 81' lang='lat' dir='ltr'>sodali</span> 
     </span>
    </p>

    <p class='ocr_par' dir='ltr' id='par_1_26' title="bbox 192 3411 760 3500">
     <span class='ocr_line' id='line_1_34' title="bbox 192 3411 760 3500; baseline 0.004 -23"><span class='ocrx_word' id='word_1_106' title='bbox 192 3411 300 3477; x_wconf 90' lang='lat' dir='ltr'>Velim</span> <span class='ocrx_word' id='word_1_107' title='bbox 322 3413 476 3497; x_wconf 81' lang='lat' dir='ltr'>Caecilio,</span> <span class='ocrx_word' id='word_1_108' title='bbox 499 3437 634 3500; x_wconf 80' lang='lat' dir='ltr'>pepyre,</span> <span class='ocrx_word' id='word_1_109' title='bbox 657 3416 760 3499; x_wconf 85' lang='lat' dir='ltr'>dieas,</span> 
     </span>
    </p>

    <p class='ocr_par' dir='ltr' id='par_1_27' title="bbox 82 3494 810 3642">
     <span class='ocr_line' id='line_1_35' title="bbox 191 3494 810 3583; baseline 0.005 -24"><span class='ocrx_word' id='word_1_110' title='bbox 191 3494 353 3563; x_wconf 81' lang='lat' dir='ltr'>Veronam</span> <span class='ocrx_word' id='word_1_111' title='bbox 374 3499 497 3582; x_wconf 85' lang='lat' dir='ltr'>veniet,</span> <span class='ocrx_word' id='word_1_112' title='bbox 519 3498 606 3564; x_wconf 85' lang='lat' dir='ltr'>Novi</span> <span class='ocrx_word' id='word_1_113' title='bbox 626 3499 810 3583; x_wconf 83' lang='lat' dir='ltr'>relinquens</span> 
     </span>
     <span class='ocr_line' id='line_1_36' title="bbox 82 3599 219 3642; baseline -0.015 0"><span class='ocrx_word' id='word_1_114' title='bbox 82 3599 219 3642; x_wconf 68' lang='lat' dir='ltr'>(lemme.</span> 
     </span>
    </p>
   </div>
   <div class='ocr_carea' id='block_1_14' title="bbox 0 0 1240 4010">
    <p class='ocr_par' dir='ltr' id='par_1_28' title="bbox 0 0 1240 4010">
     <span class='ocr_line' id='line_1_37' title="bbox 0 0 1240 4010; baseline 0 1"><span class='ocrx_word' id='word_1_115' title='bbox 0 0 1240 4010; x_wconf 95' lang='lat' dir='ltr'> </span> 
     </span>
    </p>
   </div>
  </div>
 </body>
</html>
