<?xml version="1.0" encoding="UTF-8"?>
<!DOCTYPE html PUBLIC "-//W3C//DTD XHTML 1.0 Transitional//EN"
    "http://www.w3.org/TR/xhtml1/DTD/xhtml1-transitional.dtd">
<html xmlns="http://www.w3.org/1999/xhtml" xml:lang="en" lang="en">
 <head>
  <title>
</title>
<meta http-equiv="Content-Type" content="text/html;charset=utf-8" />
  <meta name='ocr-system' content='tesseract 3.04.00' />
  <meta name='ocr-capabilities' content='ocr_page ocr_carea ocr_par ocr_line ocrx_word'/>
</head>
<body>
  <div class='ocr_page' id='page_1' title='image "./catvllitibvllip00priagoog_0461.png"; bbox 0 0 2486 4010; ppageno 0'>
   <div class='ocr_carea' id='block_1_1' title="bbox 93 175 1048 254">
    <p class='ocr_par' dir='ltr' id='par_1_1' title="bbox 93 175 1048 254">
     <span class='ocr_line' id='line_1_1' title="bbox 93 175 1048 254; baseline 0.004 -18"><span class='ocrx_word' id='word_1_1' title='bbox 93 180 196 254; x_wconf 79' lang='lat' dir='ltr'><strong>rum]</strong></span> <span class='ocrx_word' id='word_1_2' title='bbox 444 181 553 237; x_wconf 78' lang='grc'><strong>1111111</strong></span> <span class='ocrx_word' id='word_1_3' title='bbox 573 181 635 242; x_wconf 85' lang='grc'><strong>1111.</strong></span> <span class='ocrx_word' id='word_1_4' title='bbox 1005 175 1048 240; x_wconf 76' lang='grc'><strong>85</strong></span> 
     </span>
    </p>
   </div>
   <div class='ocr_carea' id='block_1_2' title="bbox 87 343 1047 2619">
    <p class='ocr_par' dir='ltr' id='par_1_2' title="bbox 87 343 1047 2619">
     <span class='ocr_line' id='line_1_2' title="bbox 128 343 900 428; baseline -0.001 -19"><span class='ocrx_word' id='word_1_5' title='bbox 128 343 202 420; x_wconf 77' lang='lat' dir='ltr'><strong>Quis</strong></span> <span class='ocrx_word' id='word_1_6' title='bbox 223 343 299 410; x_wconf 84' lang='lat' dir='ltr'><strong>deus</strong></span> <span class='ocrx_word' id='word_1_7' title='bbox 320 344 355 408; x_wconf 89' lang='lat' dir='ltr'><strong>in</strong></span> <span class='ocrx_word' id='word_1_8' title='bbox 376 346 483 409; x_wconf 75' lang='lat' dir='ltr'>vestra</span> <span class='ocrx_word' id='word_1_9' title='bbox 505 343 652 408; x_wconf 72' lang='lat' dir='ltr'><strong>constitit</strong></span> <span class='ocrx_word' id='word_1_10' title='bbox 672 343 774 408; x_wconf 81' lang='lat' dir='ltr'><strong>bosbis</strong></span> <span class='ocrx_word' id='word_1_11' title='bbox 796 343 900 428; x_wconf 81' lang='lat' dir='ltr'><strong>aque?</strong></span> 
     </span>
     <span class='ocr_line' id='line_1_3' title="bbox 91 425 932 514; baseline 0 -22"><span class='ocrx_word' id='word_1_12' title='bbox 91 427 144 492; x_wconf 86' lang='lat' dir='ltr'><strong>His</strong></span> <span class='ocrx_word' id='word_1_13' title='bbox 165 450 291 514; x_wconf 86' lang='lat' dir='ltr'><strong>pressus</strong></span> <span class='ocrx_word' id='word_1_14' title='bbox 314 425 444 514; x_wconf 81' lang='lat' dir='ltr'><strong>Stygias</strong></span> <span class='ocrx_word' id='word_1_15' title='bbox 465 427 589 493; x_wconf 72' lang='lat' dir='ltr'><strong>voltum</strong></span> <span class='ocrx_word' id='word_1_16' title='bbox 611 427 739 492; x_wconf 80' lang='lat' dir='ltr'><strong>demisii</strong></span> <span class='ocrx_word' id='word_1_17' title='bbox 759 429 794 492; x_wconf 92' lang='lat' dir='ltr'><strong>in</strong></span> <span class='ocrx_word' id='word_1_18' title='bbox 815 429 932 513; x_wconf 85' lang='lat' dir='ltr'><strong>undas,</strong></span> 
     </span>
     <span class='ocr_line' id='line_1_4' title="bbox 125 511 1047 598; baseline -0.003 -21"><span class='ocrx_word' id='word_1_19' title='bbox 125 511 218 578; x_wconf 74' lang='lat' dir='ltr'>Errat</span> <span class='ocrx_word' id='word_1_20' title='bbox 239 516 272 578; x_wconf 78' lang='lat' dir='ltr'><strong>ei</strong></span> <span class='ocrx_word' id='word_1_21' title='bbox 291 513 327 577; x_wconf 91' lang='lat' dir='ltr'><strong>in</strong></span> <span class='ocrx_word' id='word_1_22' title='bbox 349 516 457 577; x_wconf 72' lang='lat' dir='ltr'>vestro</span> <span class='ocrx_word' id='word_1_23' title='bbox 479 512 610 598; x_wconf 75' lang='lat' dir='ltr'><strong>spiritus</strong></span> <span class='ocrx_word' id='word_1_24' title='bbox 631 512 686 575; x_wconf 89' lang='lat' dir='ltr'><strong>ille</strong></span> <span class='ocrx_word' id='word_1_25' title='bbox 707 511 789 576; x_wconf 80' lang='lat' dir='ltr'><strong>lacu</strong></span> <span class='ocrx_word' id='word_1_26' title='bbox 1013 522 1047 574; x_wconf 85' lang='lat'><strong>10</strong></span> 
     </span>
     <span class='ocr_line' id='line_1_5' title="bbox 90 595 972 684; baseline -0.001 -23"><span class='ocrx_word' id='word_1_27' title='bbox 90 595 167 672; x_wconf 79' lang='lat' dir='ltr'><strong>Quid</strong></span> <span class='ocrx_word' id='word_1_28' title='bbox 186 619 288 684; x_wconf 87' lang='lat' dir='ltr'><strong>genus</strong></span> <span class='ocrx_word' id='word_1_29' title='bbox 310 598 367 661; x_wconf 73' lang='lat' dir='ltr'><strong>uui</strong></span> <span class='ocrx_word' id='word_1_30' title='bbox 386 597 488 664; x_wconf 79' lang='lat' dir='ltr'><strong>virtus</strong></span> <span class='ocrx_word' id='word_1_31' title='bbox 511 598 567 662; x_wconf 78' lang='lat' dir='ltr'><strong>aui</strong></span> <span class='ocrx_word' id='word_1_32' title='bbox 587 596 709 680; x_wconf 77' lang='lat' dir='ltr'><strong>optima</strong></span> <span class='ocrx_word' id='word_1_33' title='bbox 729 596 852 680; x_wconf 76' lang='lat' dir='ltr'><strong>profuit</strong></span> <span class='ocrx_word' id='word_1_34' title='bbox 871 596 920 660; x_wconf 86' lang='lat' dir='ltr'><strong>illi</strong></span> <span class='ocrx_word' id='word_1_35' title='bbox 968 665 972 676; x_wconf 60' lang='grc'>,</span> 
     </span>
     <span class='ocr_line' id='line_1_6' title="bbox 125 679 891 766; baseline -0.004 -20"><span class='ocrx_word' id='word_1_36' title='bbox 125 681 241 766; x_wconf 76' lang='lat' dir='ltr'>Mater,</span> <span class='ocrx_word' id='word_1_37' title='bbox 264 683 298 746; x_wconf 73' lang='lat' dir='ltr'><strong>et</strong></span> <span class='ocrx_word' id='word_1_38' title='bbox 319 681 500 765; x_wconf 80' lang='lat' dir='ltr'><strong>amplexum</strong></span> <span class='ocrx_word' id='word_1_39' title='bbox 522 680 666 747; x_wconf 80' lang='lat' dir='ltr'>Caesaris</span> <span class='ocrx_word' id='word_1_40' title='bbox 688 701 757 744; x_wconf 87' lang='lat' dir='ltr'><strong>esse</strong></span> <span class='ocrx_word' id='word_1_41' title='bbox 778 679 891 744; x_wconf 79' lang='lat' dir='ltr'><strong>focos?</strong></span> 
     </span>
     <span class='ocr_line' id='line_1_7' title="bbox 89 763 892 850; baseline -0.002 -21"><span class='ocrx_word' id='word_1_42' title='bbox 89 766 149 832; x_wconf 73' lang='lat' dir='ltr'><strong>Aut</strong></span> <span class='ocrx_word' id='word_1_43' title='bbox 167 766 264 831; x_wconf 88' lang='lat' dir='ltr'><strong>modo</strong></span> <span class='ocrx_word' id='word_1_44' title='bbox 286 768 354 829; x_wconf 77' lang='lat' dir='ltr'><strong>tam</strong></span> <span class='ocrx_word' id='word_1_45' title='bbox 374 766 472 850; x_wconf 87' lang='lat' dir='ltr'><strong>pleno</strong></span> <span class='ocrx_word' id='word_1_46' title='bbox 493 765 655 830; x_wconf 75' lang='lat' dir='ltr'><strong>fluitantia</strong></span> <span class='ocrx_word' id='word_1_47' title='bbox 677 765 746 830; x_wconf 82' lang='lat' dir='ltr'><strong>vela</strong></span> <span class='ocrx_word' id='word_1_48' title='bbox 766 763 892 828; x_wconf 72' lang='lat' dir='ltr'>theatro</span> 
     </span>
     <span class='ocr_line' id='line_1_8' title="bbox 123 848 827 935; baseline -0.003 -20"><span class='ocrx_word' id='word_1_49' title='bbox 123 849 166 915; x_wconf 81' lang='grc'><strong>111</strong></span> <span class='ocrx_word' id='word_1_50' title='bbox 185 873 243 935; x_wconf 88' lang='lat' dir='ltr'><strong>per</strong></span> <span class='ocrx_word' id='word_1_51' title='bbox 264 853 426 914; x_wconf 73' lang='lat' dir='ltr'><strong>maternas</strong></span> <span class='ocrx_word' id='word_1_52' title='bbox 448 850 558 914; x_wconf 83' lang='lat' dir='ltr'><strong>omnia</strong></span> <span class='ocrx_word' id='word_1_53' title='bbox 578 851 671 935; x_wconf 76' lang='lat' dir='ltr'>gesta</span> <span class='ocrx_word' id='word_1_54' title='bbox 692 848 827 914; x_wconf 81' lang='lat' dir='ltr'><strong>manus?</strong></span> 
     </span>
     <span class='ocr_line' id='line_1_9' title="bbox 89 933 1045 1018; baseline -0.004 -19"><span class='ocrx_word' id='word_1_55' title='bbox 89 933 204 999; x_wconf 74' lang='lat' dir='ltr'><strong>Occidit</strong></span> <span class='ocrx_word' id='word_1_56' title='bbox 243 938 276 998; x_wconf 92' lang='grc'><strong>61</strong></span> <span class='ocrx_word' id='word_1_57' title='bbox 296 935 413 998; x_wconf 86' lang='lat' dir='ltr'><strong>misero</strong></span> <span class='ocrx_word' id='word_1_58' title='bbox 436 936 568 999; x_wconf 75' lang='lat' dir='ltr'><strong>steterat</strong></span> <span class='ocrx_word' id='word_1_59' title='bbox 589 934 763 1018; x_wconf 82' lang='lat' dir='ltr'><strong>vigesimus</strong></span> <span class='ocrx_word' id='word_1_60' title='bbox 784 953 904 999; x_wconf 86' lang='lat' dir='ltr'><strong>unnus:</strong></span> <span class='ocrx_word' id='word_1_61' title='bbox 1011 943 1045 996; x_wconf 83' lang='grc'><strong>11</strong></span> 
     </span>
     <span class='ocr_line' id='line_1_10' title="bbox 123 985 891 1102; baseline 0.001 -20"><span class='ocrx_word' id='word_1_62' title='bbox 123 1017 185 1083; x_wconf 89' lang='grc' dir='ltr'><strong>Το1</strong></span> <span class='ocrx_word' id='word_1_63' title='bbox 204 985 292 1084; x_wconf 81' lang='lat' dir='ltr'><strong>bona</strong></span> <span class='ocrx_word' id='word_1_64' title='bbox 313 1021 380 1082; x_wconf 80' lang='lat' dir='ltr'><strong>tam</strong></span> <span class='ocrx_word' id='word_1_65' title='bbox 401 1039 500 1102; x_wconf 83' lang='lat' dir='ltr'>parvo</span> <span class='ocrx_word' id='word_1_66' title='bbox 523 1018 638 1082; x_wconf 76' lang='lat' dir='ltr'><strong>clausit</strong></span> <span class='ocrx_word' id='word_1_67' title='bbox 657 1018 694 1082; x_wconf 87' lang='lat' dir='ltr'><strong>in</strong></span> <span class='ocrx_word' id='word_1_68' title='bbox 715 1019 792 1082; x_wconf 84' lang='lat' dir='ltr'><strong>orbe</strong></span> <span class='ocrx_word' id='word_1_69' title='bbox 814 1017 891 1083; x_wconf 86' lang='lat' dir='ltr'><strong>dies.</strong></span> 
     </span>
     <span class='ocr_line' id='line_1_11' title="bbox 88 1099 969 1187; baseline 0 -22"><span class='ocrx_word' id='word_1_70' title='bbox 88 1099 217 1187; x_wconf 78' lang='lat' dir='ltr'><strong>Inunc,</strong></span> <span class='ocrx_word' id='word_1_71' title='bbox 237 1102 319 1167; x_wconf 77' lang='lat' dir='ltr'><strong>icllc</strong></span> <span class='ocrx_word' id='word_1_72' title='bbox 340 1102 464 1167; x_wconf 80' lang='lat' dir='ltr'><strong>suimus</strong></span> <span class='ocrx_word' id='word_1_73' title='bbox 487 1105 520 1167; x_wconf 86' lang='grc'><strong>61</strong></span> <span class='ocrx_word' id='word_1_74' title='bbox 540 1105 645 1167; x_wconf 83' lang='lat' dir='ltr'><strong>tecum</strong></span> <span class='ocrx_word' id='word_1_75' title='bbox 666 1103 753 1186; x_wconf 86' lang='lat' dir='ltr'>finge</span> <span class='ocrx_word' id='word_1_76' title='bbox 774 1101 969 1187; x_wconf 71' lang='lat' dir='ltr'><strong>triumphos,</strong></span> 
     </span>
     <span class='ocr_line' id='line_1_12' title="bbox 123 1186 911 1271; baseline -0.004 -19"><span class='ocrx_word' id='word_1_77' title='bbox 123 1187 307 1271; x_wconf 68' lang='lat' dir='ltr'><strong>scansuque</strong></span> <span class='ocrx_word' id='word_1_78' title='bbox 328 1187 364 1250; x_wconf 90' lang='lat' dir='ltr'><strong>in</strong></span> <span class='ocrx_word' id='word_1_79' title='bbox 383 1187 532 1271; x_wconf 83' lang='lat' dir='ltr'><strong>plausum</strong></span> <span class='ocrx_word' id='word_1_80' title='bbox 551 1189 621 1252; x_wconf 79' lang='grc'><strong>10111</strong></span> <span class='ocrx_word' id='word_1_81' title='bbox 640 1186 766 1252; x_wconf 74' lang='lat' dir='ltr'>theatra</span> <span class='ocrx_word' id='word_1_82' title='bbox 787 1187 911 1270; x_wconf 77' lang='lat' dir='ltr'><strong>iuveni,</strong></span> 
     </span>
     <span class='ocr_line' id='line_1_13' title="bbox 88 1271 905 1358; baseline 0.002 -24"><span class='ocrx_word' id='word_1_83' title='bbox 88 1271 234 1338; x_wconf 71' lang='grc'><strong>1111111116</strong></span> <span class='ocrx_word' id='word_1_84' title='bbox 257 1293 371 1356; x_wconf 80' lang='lat' dir='ltr'><strong>supera</strong></span> <span class='ocrx_word' id='word_1_85' title='bbox 392 1274 510 1354; x_wconf 75' lang='lat' dir='ltr'><strong>uesieu,</strong></span> <span class='ocrx_word' id='word_1_86' title='bbox 534 1274 629 1356; x_wconf 75' lang='lat' dir='ltr'><strong>abque</strong></span> <span class='ocrx_word' id='word_1_87' title='bbox 650 1273 759 1338; x_wconf 83' lang='lat' dir='ltr'><strong>omniu</strong></span> <span class='ocrx_word' id='word_1_88' title='bbox 779 1272 905 1358; x_wconf 85' lang='lat' dir='ltr'><strong>mugnis</strong></span> 
     </span>
     <span class='ocr_line' id='line_1_14' title="bbox 122 1355 1045 1440; baseline -0.005 -19"><span class='ocrx_word' id='word_1_89' title='bbox 122 1355 274 1422; x_wconf 68' lang='lat' dir='ltr'><strong>Gemmeus</strong></span> <span class='ocrx_word' id='word_1_90' title='bbox 295 1355 362 1419; x_wconf 75' lang='lat' dir='ltr'><strong>sini</strong></span> <span class='ocrx_word' id='word_1_91' title='bbox 382 1355 482 1419; x_wconf 87' lang='lat' dir='ltr'><strong>ludis:</strong></span> <span class='ocrx_word' id='word_1_92' title='bbox 503 1356 634 1440; x_wconf 82' lang='lat' dir='ltr'><strong>ignibus</strong></span> <span class='ocrx_word' id='word_1_93' title='bbox 655 1357 719 1421; x_wconf 75' lang='lat' dir='ltr'><strong>isle.</strong></span> <span class='ocrx_word' id='word_1_94' title='bbox 739 1357 840 1422; x_wconf 82' lang='lat' dir='ltr'><strong>dabis.</strong></span> <span class='ocrx_word' id='word_1_95' title='bbox 1010 1367 1045 1417; x_wconf 78' lang='lat'><strong>20</strong></span> 
     </span>
     <span class='ocr_line' id='line_1_15' title="bbox 88 1437 1000 1523; baseline -0.001 -19"><span class='ocrx_word' id='word_1_96' title='bbox 88 1437 142 1504; x_wconf 81' lang='lat' dir='ltr'><strong>Sed</strong></span> <span class='ocrx_word' id='word_1_97' title='bbox 154 1445 264 1505; x_wconf 77' lang='lat' dir='ltr'><strong>tamen</strong></span> <span class='ocrx_word' id='word_1_98' title='bbox 276 1438 340 1503; x_wconf 92' lang='lat' dir='ltr'><strong>huc</strong></span> <span class='ocrx_word' id='word_1_99' title='bbox 356 1459 483 1522; x_wconf 85' lang='lat' dir='ltr'><strong>omnes,</strong></span> <span class='ocrx_word' id='word_1_100' title='bbox 498 1439 562 1504; x_wconf 90' lang='lat' dir='ltr'><strong>buc</strong></span> <span class='ocrx_word' id='word_1_101' title='bbox 576 1441 698 1523; x_wconf 88' lang='lat' dir='ltr'><strong>primus</strong></span> <span class='ocrx_word' id='word_1_102' title='bbox 714 1441 890 1504; x_wconf 74' lang='lat' dir='ltr'><strong>ebullimus</strong></span> <span class='ocrx_word' id='word_1_103' title='bbox 906 1439 1000 1504; x_wconf 81' lang='lat' dir='ltr'>ordo:</span> 
     </span>
     <span class='ocr_line' id='line_1_16' title="bbox 122 1523 876 1606; baseline -0.001 -17"><span class='ocrx_word' id='word_1_104' title='bbox 122 1523 182 1589; x_wconf 80' lang='lat' dir='ltr'><strong>Es’u</strong></span> <span class='ocrx_word' id='word_1_105' title='bbox 201 1525 301 1606; x_wconf 82' lang='lat' dir='ltr'><strong>mula,</strong></span> <span class='ocrx_word' id='word_1_106' title='bbox 325 1523 380 1588; x_wconf 90' lang='lat' dir='ltr'><strong>sed</strong></span> <span class='ocrx_word' id='word_1_107' title='bbox 403 1523 525 1589; x_wconf 76' lang='lat' dir='ltr'><strong>cunctis</strong></span> <span class='ocrx_word' id='word_1_108' title='bbox 546 1524 611 1588; x_wconf 76' lang='lat' dir='ltr'><strong>istc</strong></span> <span class='ocrx_word' id='word_1_109' title='bbox 630 1523 764 1587; x_wconf 75' lang='lat' dir='ltr'>terenda</span> <span class='ocrx_word' id='word_1_110' title='bbox 784 1524 876 1588; x_wconf 74' lang='lat' dir='ltr'><strong>viasb.</strong></span> 
     </span>
     <span class='ocr_line' id='line_1_17' title="bbox 87 1605 828 1690; baseline -0.003 -18"><span class='ocrx_word' id='word_1_111' title='bbox 87 1605 249 1673; x_wconf 81' lang='lat' dir='ltr'>Exoranda</span> <span class='ocrx_word' id='word_1_112' title='bbox 271 1607 359 1672; x_wconf 80' lang='lat' dir='ltr'><strong>canis</strong></span> <span class='ocrx_word' id='word_1_113' title='bbox 380 1608 443 1672; x_wconf 77' lang='lat' dir='ltr'><strong>tria</strong></span> <span class='ocrx_word' id='word_1_114' title='bbox 464 1611 540 1672; x_wconf 77' lang='lat' dir='ltr'><strong>sunl</strong></span> <span class='ocrx_word' id='word_1_115' title='bbox 560 1608 710 1672; x_wconf 79' lang='lat' dir='ltr'><strong>latrantia</strong></span> <span class='ocrx_word' id='word_1_116' title='bbox 732 1607 828 1690; x_wconf 84' lang='lat' dir='ltr'><strong>colla,</strong></span> 
     </span>
     <span class='ocr_line' id='line_1_18' title="bbox 123 1690 848 1777; baseline -0.006 -19"><span class='ocrx_word' id='word_1_117' title='bbox 123 1690 342 1758; x_wconf 79' lang='lat' dir='ltr'><strong>Scandendusi</strong></span> <span class='ocrx_word' id='word_1_118' title='bbox 361 1692 447 1757; x_wconf 77' lang='lat' dir='ltr'><strong>burri</strong></span> <span class='ocrx_word' id='word_1_119' title='bbox 467 1692 597 1777; x_wconf 82' lang='lat' dir='ltr'><strong>publicu</strong></span> <span class='ocrx_word' id='word_1_120' title='bbox 619 1692 732 1775; x_wconf 81' lang='lat' dir='ltr'><strong>cymba</strong></span> <span class='ocrx_word' id='word_1_121' title='bbox 753 1691 848 1756; x_wconf 88' lang='lat' dir='ltr'><strong>senis.</strong></span> 
     </span>
     <span class='ocr_line' id='line_1_19' title="bbox 88 1773 1043 1858; baseline -0.003 -18"><span class='ocrx_word' id='word_1_122' title='bbox 88 1773 140 1840; x_wconf 90' lang='lat' dir='ltr'><strong>Ille</strong></span> <span class='ocrx_word' id='word_1_123' title='bbox 160 1778 237 1842; x_wconf 80' lang='lat' dir='ltr'><strong>liccl</strong></span> <span class='ocrx_word' id='word_1_124' title='bbox 258 1777 343 1840; x_wconf 91' lang='lat' dir='ltr'>ferro</span> <span class='ocrx_word' id='word_1_125' title='bbox 366 1779 477 1841; x_wconf 74' lang='lat' dir='ltr'><strong>cautum</strong></span> <span class='ocrx_word' id='word_1_126' title='bbox 500 1797 534 1840; x_wconf 87' lang='lat' dir='ltr'><strong>se</strong></span> <span class='ocrx_word' id='word_1_127' title='bbox 557 1776 674 1840; x_wconf 78' lang='lat' dir='ltr'><strong>condui</strong></span> <span class='ocrx_word' id='word_1_128' title='bbox 695 1779 728 1840; x_wconf 86' lang='grc'><strong>61</strong></span> <span class='ocrx_word' id='word_1_129' title='bbox 748 1791 834 1858; x_wconf 82' lang='lat' dir='ltr'>aere,</span> <span class='ocrx_word' id='word_1_130' title='bbox 1009 1786 1043 1838; x_wconf 82' lang='lat'><strong>25</strong></span> 
     </span>
     <span class='ocr_line' id='line_1_20' title="bbox 123 1860 922 1944; baseline -0.004 -18"><span class='ocrx_word' id='word_1_131' title='bbox 123 1861 208 1926; x_wconf 86' lang='lat' dir='ltr'><strong>Mors</strong></span> <span class='ocrx_word' id='word_1_132' title='bbox 230 1864 340 1924; x_wconf 73' lang='lat' dir='ltr'><strong>tumen</strong></span> <span class='ocrx_word' id='word_1_133' title='bbox 360 1861 519 1925; x_wconf 88' lang='lat' dir='ltr'><strong>inclusum</strong></span> <span class='ocrx_word' id='word_1_134' title='bbox 540 1860 699 1944; x_wconf 75' lang='lat' dir='ltr'>protrahit</span> <span class='ocrx_word' id='word_1_135' title='bbox 720 1860 795 1924; x_wconf 88' lang='lat' dir='ltr'><strong>inde</strong></span> <span class='ocrx_word' id='word_1_136' title='bbox 817 1861 922 1943; x_wconf 79' lang='lat' dir='ltr'><strong>capul.</strong></span> 
     </span>
     <span class='ocr_line' id='line_1_21' title="bbox 88 1942 882 2026; baseline -0.003 -17"><span class='ocrx_word' id='word_1_137' title='bbox 88 1943 176 2010; x_wconf 85' lang='lat' dir='ltr'>Nirea</span> <span class='ocrx_word' id='word_1_138' title='bbox 196 1965 265 2010; x_wconf 89' lang='lat' dir='ltr'><strong>uon</strong></span> <span class='ocrx_word' id='word_1_139' title='bbox 284 1943 383 2009; x_wconf 77' lang='lat' dir='ltr'><strong>facies</strong></span> <span class='ocrx_word' id='word_1_140' title='bbox 420 1965 488 2009; x_wconf 90' lang='lat' dir='ltr'><strong>non</strong></span> <span class='ocrx_word' id='word_1_141' title='bbox 508 1944 556 2009; x_wconf 79' lang='lat' dir='ltr'><strong>vis</strong></span> <span class='ocrx_word' id='word_1_142' title='bbox 579 1942 696 2009; x_wconf 75' lang='lat' dir='ltr'><strong>exemit</strong></span> <span class='ocrx_word' id='word_1_143' title='bbox 716 1943 882 2026; x_wconf 83' lang='lat' dir='ltr'><strong>Achillen,</strong></span> 
     </span>
     <span class='ocr_line' id='line_1_22' title="bbox 124 1994 954 2112; baseline -0.005 -17"><span class='ocrx_word' id='word_1_144' title='bbox 124 2029 274 2096; x_wconf 76' lang='lat' dir='ltr'><strong>Croesum</strong></span> <span class='ocrx_word' id='word_1_145' title='bbox 295 2031 364 2112; x_wconf 79' lang='grc'><strong>11111,</strong></span> <span class='ocrx_word' id='word_1_146' title='bbox 387 1994 512 2094; x_wconf 64' lang='lat' dir='ltr'><strong>baculi</strong></span> <span class='ocrx_word' id='word_1_147' title='bbox 533 2050 611 2112; x_wconf 83' lang='lat' dir='ltr'><strong>quus</strong></span> <span class='ocrx_word' id='word_1_148' title='bbox 632 2029 719 2112; x_wconf 79' lang='lat' dir='ltr'><strong>parit</strong></span> <span class='ocrx_word' id='word_1_149' title='bbox 738 2049 844 2112; x_wconf 88' lang='lat' dir='ltr'><strong>umor,</strong></span> <span class='ocrx_word' id='word_1_150' title='bbox 868 2047 954 2112; x_wconf 87' lang='lat' dir='ltr'>opes.</span> 
     </span>
     <span class='ocr_line' id='line_1_23' title="bbox 88 2111 888 2198; baseline -0.003 -20"><span class='ocrx_word' id='word_1_151' title='bbox 88 2111 143 2178; x_wconf 90' lang='lat' dir='ltr'><strong>Hic</strong></span> <span class='ocrx_word' id='word_1_152' title='bbox 163 2115 240 2178; x_wconf 88' lang='lat' dir='ltr'><strong>olim</strong></span> <span class='ocrx_word' id='word_1_153' title='bbox 261 2113 392 2198; x_wconf 79' lang='lat' dir='ltr'><strong>ignaros</strong></span> <span class='ocrx_word' id='word_1_154' title='bbox 413 2113 518 2177; x_wconf 76' lang='lat' dir='ltr'><strong>lucius</strong></span> <span class='ocrx_word' id='word_1_155' title='bbox 543 2114 710 2198; x_wconf 72' lang='lat' dir='ltr'><strong>populavit</strong></span> <span class='ocrx_word' id='word_1_156' title='bbox 730 2112 888 2196; x_wconf 84' lang='lat' dir='ltr'><strong>Achiuos,</strong></span> 
     </span>
     <span class='ocr_line' id='line_1_24' title="bbox 125 2197 1043 2282; baseline -0.003 -20"><span class='ocrx_word' id='word_1_157' title='bbox 125 2199 254 2262; x_wconf 74' lang='lat' dir='ltr'><strong>Atridae</strong></span> <span class='ocrx_word' id='word_1_158' title='bbox 275 2219 394 2282; x_wconf 83' lang='lat' dir='ltr'><strong>magno</strong></span> <span class='ocrx_word' id='word_1_159' title='bbox 418 2219 490 2261; x_wconf 91' lang='lat' dir='ltr'><strong>cum</strong></span> <span class='ocrx_word' id='word_1_160' title='bbox 512 2197 603 2262; x_wconf 75' lang='lat' dir='ltr'><strong>stetit</strong></span> <span class='ocrx_word' id='word_1_161' title='bbox 623 2197 704 2262; x_wconf 78' lang='lat' dir='ltr'>alter</span> <span class='ocrx_word' id='word_1_162' title='bbox 725 2219 822 2276; x_wconf 84' lang='lat' dir='ltr'>amor.</span> <span class='ocrx_word' id='word_1_163' title='bbox 1008 2208 1043 2260; x_wconf 89' lang='grc' dir='ltr'><strong>3ο</strong></span> 
     </span>
     <span class='ocr_line' id='line_1_25' title="bbox 87 2280 1006 2368; baseline 0.002 -22"><span class='ocrx_word' id='word_1_164' title='bbox 87 2283 221 2366; x_wconf 75' lang='grc'><strong>111111,</strong></span> <span class='ocrx_word' id='word_1_165' title='bbox 242 2285 355 2366; x_wconf 77' lang='lat' dir='ltr'><strong>nauta,</strong></span> <span class='ocrx_word' id='word_1_166' title='bbox 376 2281 447 2367; x_wconf 84' lang='lat' dir='ltr'><strong>pias</strong></span> <span class='ocrx_word' id='word_1_167' title='bbox 468 2280 634 2347; x_wconf 88' lang='lat' dir='ltr'><strong>hominum</strong></span> <span class='ocrx_word' id='word_1_168' title='bbox 655 2283 710 2368; x_wconf 92' lang='lat' dir='ltr'><strong>qui</strong></span> <span class='ocrx_word' id='word_1_169' title='bbox 730 2283 839 2354; x_wconf 78' lang='lat' dir='ltr'><strong>traicis</strong></span> <span class='ocrx_word' id='word_1_170' title='bbox 860 2281 1006 2367; x_wconf 86' lang='lat' dir='ltr'><strong>umbras,</strong></span> 
     </span>
     <span class='ocr_line' id='line_1_26' title="bbox 123 2365 851 2451; baseline 0.001 -20"><span class='ocrx_word' id='word_1_171' title='bbox 123 2365 190 2431; x_wconf 88' lang='lat' dir='ltr'><strong>Hoc</strong></span> <span class='ocrx_word' id='word_1_172' title='bbox 210 2366 334 2432; x_wconf 83' lang='lat' dir='ltr'><strong>animae</strong></span> <span class='ocrx_word' id='word_1_173' title='bbox 354 2367 485 2449; x_wconf 73' lang='lat' dir='ltr'>portent</span> <span class='ocrx_word' id='word_1_174' title='bbox 505 2388 620 2451; x_wconf 85' lang='lat' dir='ltr'><strong>corpus</strong></span> <span class='ocrx_word' id='word_1_175' title='bbox 641 2367 737 2433; x_wconf 85' lang='lat' dir='ltr'><strong>inane</strong></span> <span class='ocrx_word' id='word_1_176' title='bbox 759 2387 851 2434; x_wconf 84' lang='lat' dir='ltr'><strong>suae:</strong></span> 
     </span>
     <span class='ocr_line' id='line_1_27' title="bbox 88 2449 876 2535; baseline 0.003 -21"><span class='ocrx_word' id='word_1_177' title='bbox 88 2449 151 2525; x_wconf 78' lang='lat' dir='ltr'><strong>Qus</strong></span> <span class='ocrx_word' id='word_1_178' title='bbox 171 2450 297 2516; x_wconf 77' lang='lat' dir='ltr'><strong>Siculae</strong></span> <span class='ocrx_word' id='word_1_179' title='bbox 317 2450 420 2514; x_wconf 78' lang='lat' dir='ltr'><strong>victor</strong></span> <span class='ocrx_word' id='word_1_180' title='bbox 440 2450 563 2516; x_wconf 75' lang='lat' dir='ltr'><strong>telluris</strong></span> <span class='ocrx_word' id='word_1_181' title='bbox 586 2451 737 2518; x_wconf 80' lang='lat' dir='ltr'><strong>Claudius</strong></span> <span class='ocrx_word' id='word_1_182' title='bbox 759 2456 792 2517; x_wconf 88' lang='grc'><strong>61</strong></span> <span class='ocrx_word' id='word_1_183' title='bbox 813 2473 876 2535; x_wconf 83' lang='lat' dir='ltr'><strong>que</strong></span> 
     </span>
     <span class='ocr_line' id='line_1_28' title="bbox 125 2532 835 2619; baseline -0.001 -18"><span class='ocrx_word' id='word_1_184' title='bbox 125 2534 249 2619; x_wconf 76' lang='lat' dir='ltr'><strong>Caesar,</strong></span> <span class='ocrx_word' id='word_1_185' title='bbox 272 2535 312 2599; x_wconf 81' lang='lat' dir='ltr'><strong>ab</strong></span> <span class='ocrx_word' id='word_1_186' title='bbox 334 2532 474 2598; x_wconf 82' lang='lat' dir='ltr'><strong>humana</strong></span> <span class='ocrx_word' id='word_1_187' title='bbox 496 2537 592 2600; x_wconf 78' lang='lat' dir='ltr'><strong>cessib</strong></span> <span class='ocrx_word' id='word_1_188' title='bbox 612 2537 648 2600; x_wconf 87' lang='lat' dir='ltr'><strong>in</strong></span> <span class='ocrx_word' id='word_1_189' title='bbox 669 2537 835 2600; x_wconf 75' lang='lat' dir='ltr'><strong>usuraria.</strong></span> 
     </span>
    </p>
   </div>
   <div class='ocr_carea' id='block_1_3' title="bbox 379 2744 734 2848">
    <p class='ocr_par' dir='ltr' id='par_1_3' title="bbox 379 2744 734 2848">
     <span class='ocr_line' id='line_1_29' title="bbox 379 2744 734 2848; baseline -0.006 -26"><span class='ocrx_word' id='word_1_190' title='bbox 379 2747 514 2824; x_wconf 79' lang='lat' dir='ltr'><strong>xum</strong></span> <span class='ocrx_word' id='word_1_191' title='bbox 542 2744 734 2848; x_wconf 75' lang='grc'><strong>[1111111]</strong></span> 
     </span>
    </p>
   </div>
   <div class='ocr_carea' id='block_1_4' title="bbox 20 2870 1039 3551">
    <p class='ocr_par' dir='ltr' id='par_1_4' title="bbox 20 2870 1039 3551">
     <span class='ocr_line' id='line_1_30' title="bbox 88 2870 824 2938; baseline 0 -2"><span class='ocrx_word' id='word_1_192' title='bbox 88 2870 221 2938; x_wconf 72' lang='lat' dir='ltr'><strong>Obicitur</strong></span> <span class='ocrx_word' id='word_1_193' title='bbox 241 2871 361 2938; x_wconf 78' lang='grc'><strong>11116116</strong></span> <span class='ocrx_word' id='word_1_194' title='bbox 383 2893 402 2935; x_wconf 82' lang='lat' dir='ltr'>a</span> <span class='ocrx_word' id='word_1_195' title='bbox 422 2874 455 2936; x_wconf 87' lang='grc'><strong>16</strong></span> <span class='ocrx_word' id='word_1_196' title='bbox 477 2871 558 2936; x_wconf 91' lang='lat' dir='ltr'><strong>mihi</strong></span> <span class='ocrx_word' id='word_1_197' title='bbox 578 2876 689 2938; x_wconf 77' lang='lat' dir='ltr'><strong>nostru</strong></span> <span class='ocrx_word' id='word_1_198' title='bbox 710 2871 824 2936; x_wconf 83' lang='lat' dir='ltr'><strong>libido:</strong></span> 
     </span>
     <span class='ocr_line' id='line_1_31' title="bbox 123 2955 822 3040; baseline -0.004 -17"><span class='ocrx_word' id='word_1_199' title='bbox 123 2955 220 3023; x_wconf 81' lang='lat' dir='ltr'>Crede</span> <span class='ocrx_word' id='word_1_200' title='bbox 240 2956 335 3039; x_wconf 87' lang='lat' dir='ltr'><strong>mihi,</strong></span> <span class='ocrx_word' id='word_1_201' title='bbox 357 2957 449 3020; x_wconf 86' lang='lat' dir='ltr'><strong>vobis</strong></span> <span class='ocrx_word' id='word_1_202' title='bbox 470 2957 607 3040; x_wconf 60' lang='lat' dir='ltr'><strong>imperas</strong></span> <span class='ocrx_word' id='word_1_203' title='bbox 626 2957 689 3022; x_wconf 76' lang='lat' dir='ltr'><strong>ista</strong></span> <span class='ocrx_word' id='word_1_204' title='bbox 709 2955 822 3040; x_wconf 78' lang='lat' dir='ltr'><strong>magis.</strong></span> 
     </span>
     <span class='ocr_line' id='line_1_32' title="bbox 85 3037 868 3126; baseline -0.004 -20"><span class='ocrx_word' id='word_1_205' title='bbox 85 3037 162 3125; x_wconf 79' lang='lat' dir='ltr'><strong>Vos,</strong></span> <span class='ocrx_word' id='word_1_206' title='bbox 182 3041 238 3106; x_wconf 91' lang='lat' dir='ltr'><strong>ubi</strong></span> <span class='ocrx_word' id='word_1_207' title='bbox 261 3041 436 3126; x_wconf 72' lang='lat' dir='ltr'><strong>contempli</strong></span> <span class='ocrx_word' id='word_1_208' title='bbox 456 3041 588 3125; x_wconf 69' lang='lat' dir='ltr'><strong>rupistis</strong></span> <span class='ocrx_word' id='word_1_209' title='bbox 610 3040 701 3105; x_wconf 77' lang='lat' dir='ltr'>frena</span> <span class='ocrx_word' id='word_1_210' title='bbox 721 3039 852 3124; x_wconf 85' lang='lat' dir='ltr'><strong>pudoris</strong></span> <span class='ocrx_word' id='word_1_211' title='bbox 858 3087 868 3124; x_wconf 91' lang='lat'><strong><em>,</em></strong></span> 
     </span>
     <span class='ocr_line' id='line_1_33' title="bbox 123 3123 830 3209; baseline -0.008 -15"><span class='ocrx_word' id='word_1_212' title='bbox 123 3125 259 3194; x_wconf 73' lang='lat' dir='ltr'><strong>Nescitis</strong></span> <span class='ocrx_word' id='word_1_213' title='bbox 282 3128 392 3209; x_wconf 80' lang='lat' dir='ltr'><strong>captae</strong></span> <span class='ocrx_word' id='word_1_214' title='bbox 414 3125 532 3191; x_wconf 80' lang='lat' dir='ltr'><strong>meniis</strong></span> <span class='ocrx_word' id='word_1_215' title='bbox 552 3124 670 3192; x_wconf 80' lang='lat' dir='ltr'>habere</span> <span class='ocrx_word' id='word_1_216' title='bbox 691 3123 830 3188; x_wconf 90' lang='lat' dir='ltr'><strong>modum.</strong></span> 
     </span>
     <span class='ocr_line' id='line_1_34' title="bbox 20 3206 1039 3294; baseline -0.004 -18"><span class='ocrx_word' id='word_1_217' title='bbox 20 3221 21 3264; x_wconf 65' lang='grc' dir='ltr'>ἒ</span> <span class='ocrx_word' id='word_1_218' title='bbox 86 3209 220 3276; x_wconf 81' lang='lat' dir='ltr'><strong>Flamma</strong></span> <span class='ocrx_word' id='word_1_219' title='bbox 240 3231 298 3294; x_wconf 85' lang='lat' dir='ltr'><strong>per</strong></span> <span class='ocrx_word' id='word_1_220' title='bbox 318 3211 465 3284; x_wconf 80' lang='lat' dir='ltr'><strong>incensus</strong></span> <span class='ocrx_word' id='word_1_221' title='bbox 488 3206 582 3275; x_wconf 78' lang='lat' dir='ltr'><strong>cilius</strong></span> <span class='ocrx_word' id='word_1_222' title='bbox 605 3208 732 3273; x_wconf 76' lang='lat' dir='ltr'><strong>sedetur</strong></span> <span class='ocrx_word' id='word_1_223' title='bbox 752 3208 882 3288; x_wconf 79' lang='lat' dir='ltr'><strong>aristes,</strong></span> <span class='ocrx_word' id='word_1_224' title='bbox 1020 3221 1039 3272; x_wconf 75' lang='grc'><strong>1</strong></span> 
     </span>
     <span class='ocr_line' id='line_1_35' title="bbox 20 3292 885 3380; baseline -0.001 -20"><span class='ocrx_word' id='word_1_225' title='bbox 20 3333 22 3378; x_wconf 65' lang='lat'>5</span> <span class='ocrx_word' id='word_1_226' title='bbox 123 3296 328 3380; x_wconf 81' lang='lat' dir='ltr'><strong>Fluminaque</strong></span> <span class='ocrx_word' id='word_1_227' title='bbox 350 3295 390 3359; x_wconf 82' lang='lat' dir='ltr'><strong>cd</strong></span> <span class='ocrx_word' id='word_1_228' title='bbox 411 3295 512 3366; x_wconf 80' lang='lat' dir='ltr'><strong>soniis</strong></span> <span class='ocrx_word' id='word_1_229' title='bbox 534 3294 600 3359; x_wconf 77' lang='lat' dir='ltr'><strong>sini</strong></span> <span class='ocrx_word' id='word_1_230' title='bbox 619 3292 761 3358; x_wconf 75' lang='lat' dir='ltr'><strong>reditura</strong></span> <span class='ocrx_word' id='word_1_231' title='bbox 777 3299 885 3380; x_wconf 76' lang='lat' dir='ltr'><strong>capul,</strong></span> 
     </span>
     <span class='ocr_line' id='line_1_36' title="bbox 86 3377 997 3464; baseline -0.007 -18"><span class='ocrx_word' id='word_1_232' title='bbox 86 3379 127 3446; x_wconf 75' lang='lat' dir='ltr'><strong>El</strong></span> <span class='ocrx_word' id='word_1_233' title='bbox 144 3380 300 3464; x_wconf 84' lang='lat' dir='ltr'><strong>placidum</strong></span> <span class='ocrx_word' id='word_1_234' title='bbox 322 3377 431 3462; x_wconf 75' lang='lat' dir='ltr'><strong>Syrtes</strong></span> <span class='ocrx_word' id='word_1_235' title='bbox 453 3382 582 3464; x_wconf 83' lang='lat' dir='ltr'><strong>porlum</strong></span> <span class='ocrx_word' id='word_1_236' title='bbox 603 3381 636 3443; x_wconf 89' lang='grc'><strong>61</strong></span> <span class='ocrx_word' id='word_1_237' title='bbox 656 3378 741 3444; x_wconf 87' lang='lat' dir='ltr'><strong>bona</strong></span> <span class='ocrx_word' id='word_1_238' title='bbox 762 3381 872 3446; x_wconf 75' lang='lat' dir='ltr'><strong>liltore</strong></span> <span class='ocrx_word' id='word_1_239' title='bbox 891 3378 997 3444; x_wconf 77' lang='lat' dir='ltr'><strong>naulis</strong></span> 
     </span>
     <span class='ocr_line' id='line_1_37' title="bbox 125 3463 771 3551; baseline -0.009 -17"><span class='ocrx_word' id='word_1_240' title='bbox 125 3465 275 3534; x_wconf 73' lang='lat' dir='ltr'><strong>Praebeat</strong></span> <span class='ocrx_word' id='word_1_241' title='bbox 295 3463 436 3548; x_wconf 80' lang='lat' dir='ltr'><strong>hospitio</strong></span> <span class='ocrx_word' id='word_1_242' title='bbox 459 3486 552 3532; x_wconf 81' lang='lat' dir='ltr'><strong>sacru</strong></span> <span class='ocrx_word' id='word_1_243' title='bbox 572 3463 677 3529; x_wconf 83' lang='lat' dir='ltr'>Malea</span> <span class='ocrx_word' id='word_1_244' title='bbox 699 3486 771 3551; x_wconf 88' lang='lat' dir='ltr'><strong>suo,</strong></span> 
     </span>
    </p>
   </div>
   <div class='ocr_carea' id='block_1_5' title="bbox 0 0 1248 4010">
    <p class='ocr_par' dir='ltr' id='par_1_5' title="bbox 0 0 1248 4010">
     <span class='ocr_line' id='line_1_38' title="bbox 0 0 1248 4010; baseline 0 2"><span class='ocrx_word' id='word_1_245' title='bbox 0 0 1248 4010; x_wconf 95' lang='lat' dir='ltr'><strong> </strong></span> 
     </span>
    </p>
   </div>
  </div>
 </body>
</html>
