2470 4010
481 210 596 268 LIBER

142 376 218 444 Sive
240 395 359 458 quase
381 372 594 457 hemgeminus
617 374 739 438 colorat

378 478 495 540 equora
516 456 626 541 Nilus,

143 545 217 610 Sive
238 547 328 607 trans
351 542 431 606 altas
452 507 626 638 gradietur
637 541 753 625 Alpes,

144 628 290 694 Caesaris
312 626 419 690 visens
440 626 639 690 monimenta
659 626 783 710 magni,
994 639 1027 689 10

144 712 304 779 Gallicum
324 709 485 792 Rhenum,
506 709 659 774 horribile
682 731 800 804 aequor
820 710 893 776 ulti-

346 815 478 878 mosque
499 791 688 877 Britannos,

145 880 264 946 Omnia
284 879 377 961 haec,
401 899 617 976 quaecumque
639 879 721 942 ferei
741 879 888 943 voluntas

143 961 319 1047 Caelitum,
341 967 497 1046 temptare
519 962 614 1026 simul
634 963 753 1048 parati,

143 1049 251 1115 Pauca
271 1049 417 1112 nuntiate
438 1069 527 1110 meae
572 1047 673 1112 uellae
994 1061 1026 1109 15

348 1131 424 1197 Non
444 1132 531 1195 bona
549 1069 645 1195 dicia

145 1217 226 1283 eum
248 1217 312 1280 suis
334 1217 420 1280 vival
440 1217 605 1299 valeatque
626 1215 783 1301 moechis,

145 1301 231 1377 Quos
254 1301 348 1365 simul
370 1301 524 1384 conplexa
545 1303 634 1364 ’aenei
654 1304 829 1383 irecenlos,

145 1384 281 1452 Nullum
303 1407 414 1449 amans
435 1406 523 1467 vere,
546 1383 602 1449 sed
623 1383 797 1450 identidem
819 1385 962 1450 omnium

348 1468 408 1534 Ilia
428 1490 594 1552 rumpens:
992 1484 1026 1531 co

144 1553 215 1620 Nec
236 1575 343 1618 meum
364 1556 535 1637 respectet,
557 1555 594 1618 ut
614 1558 704 1638 ante,
727 1576 883 1652 amorqem

146 1637 209 1714 Qui
229 1638 315 1702 illius
337 1639 432 1721 culpa
453 1602 567 1702 cecidit
552 1639 675 1702 tivelu
660 1639 780 1721 iprati

143 1721 260 1787 Vltimi
280 1723 355 1806 flos,
377 1726 502 1806 praeter
524 1731 618 1786 eunte
639 1727 810 1806 postquam

349 1806 466 1871 Tactus
489 1807 635 1869 aratrost.

502 1991 622 2068 ,Hy

143 2110 327 2176 Marrucine
347 2110 457 2193 Asini,
480 2132 577 2174 manu
599 2109 728 2174 sinistra

143 2195 224 2262 Non
244 2195 326 2259 belle
347 2197 384 2258 ut
385 2195 446 2258 eris
468 2195 502 2258 in
524 2195 594 2258 ioco
618 2198 712 2277 alque
733 2193 826 2263 vino·

144 2279 248 2343 'Pollis
270 2280 370 2343 lintea
390 2279 675 2364 neglegentiorum.

143 2363 219 2429 Hoc
241 2364 360 2427 salsum
382 2384 450 2426 esse
472 2363 588 2511 putasti
600 2363 696 2460 fugit
715 2364 795 2427 ie
753 2367 909 2449 ,mepta

119 2447 299 2524 ,Quamvis
321 2446 450 2512 sordida
470 2450 576 2512 rosei
596 2447 805 2513 invenuslas’a
1010 2462 1026 2512 5

143 2531 225 2598 Non
246 2531 348 2596 credis
370 2531 471 2596 mihi?
500 2532 590 2597 crede
611 2531 740 2596 Polioni
868 2574 883 2602 .

145 2615 266 2714 Fratri,
288 2617 343 2700 qui
364 2619 421 2680 tua
443 2615 528 2680 furta
549 2617 601 2680 vel
621 2617 743 2680 talento

143 2665 267 2764 Mutari
287 2701 378 2764 velit:
401 2703 451 2765 esi
473 2701 558 2764 enim
579 2701 725 2784 leporum

144 2783 294 2849 Disertus
315 2805 394 2870 puer
415 2806 452 2849 ac
473 2785 670 2852 facetiarum.

145 2868 250 2944 Quare
273 2873 329 2932 aut
348 2867 630 2952 hendecasyllabos
653 2873 776 2934 treceni
777 2890 814 2933 os
996 2883 1028 2931 10

144 2952 290 3036 Expecta
311 2955 367 3018 aui
352 2952 467 3017 tmihi
488 2955 622 3017 linteum
643 2954 786 3050 remitte,

144 2975 241 3112 Quod
261 3059 312 3101 me
333 3057 401 3102 non
422 3039 529 3101 movet
550 3037 706 3100 aesiimal'
697 3058 786 3120 10ne,

144 3120 299 3186 Verumsi
319 3142 563 3204 mnemosynum
584 3121 648 3184 mei
670 3119 795 3186 sodalis

144 3204 233 3270 Nam
255 3205 381 3272 sudaria
402 3205 537 3272 Saetaba
559 3226 597 3270 cx
618 3205 766 3270 Hibereis

144 3288 305 3354 Miserunt
325 3291 404 3355 mihi
425 3291 550 3356 muneri
554 3290 722 3355 Fabullus
997 3304 1028 3351 15

145 3372 192 3438 nt
214 3373 386 3440 Veranius:
409 3377 487 3441 haec
510 3397 614 3442 amem
634 3381 796 3441 necessesl

146 3455 194 3522 Vt
212 3457 420 3525 Veraniolum
440 3483 546 3525 meum
568 3463 600 3525 et
621 3460 798 3526 Fabullum.
