2444 4056
112 241 227 310 xnvur
490 223 702 284 PRAEFATIO.

113 393 226 457 errabit
245 396 296 472 qui
315 395 467 456 rettulerit
491 393 528 453 ad
553 412 694 454 versuum
714 396 766 453 aut
786 411 957 454 sermonum
981 401 1083 458 artem

112 481 277 552 labantem,
299 479 351 539 sed
369 479 466 538 uoluit
485 481 588 538 auctor
607 477 787 553 prohoemii,
814 479 845 536 id
865 481 946 554 quod
965 484 1081 556 passIm

113 567 171 640 ipsi
185 563 319 624 indicant
331 565 446 640 poetae,
463 561 565 622 adesse
585 561 676 622 inhia
691 561 806 621 lusibus
820 565 855 620 ut
867 561 996 624 Nasonis
1012 585 1081 626 ver-

113 650 159 708 bis
179 651 247 707 utar
266 648 355 707 rebus
378 665 488 706 nomen
508 664 541 704 sc
554 645 698 721 pudorem
718 646 888 706 nominibus
904 647 967 706 sive
982 653 1018 707 ut
1033 653 1083 710 est

113 732 427 808 upudnristophancm
441 728 499 805 τήν
515 726 638 805 εκάφην
654 725 778 805 tropas
793 725 944 801 λέγεεθαι.
965 731 1083 802 Quam·

30 887 33 894 ι
113 835 202 891 quam
217 816 264 880 hic
277 817 340 876 illle
352 815 477 890 reperiii
488 815 623 873 voculam
635 813 729 889 plebis
744 813 932 889 potissimum
946 834 1005 876 usu
1019 817 1082 876 fre-

113 903 285 976 quentatam
300 900 438 976 equidem
456 898 579 956 minime
593 897 738 973 negarim.

175 985 338 1060 Postquam
352 1000 427 1042 scae.
439 980 495 1040 XV
506 999 541 1040 ex
554 981 686 1040 tenebris
702 981 849 1040 diuturnis
864 1001 966 1042 rursus
982 999 1079 1044 emcr-

114 1087 178 1128 sere
197 1069 269 1126 haec
289 1067 431 1141 opuscula
450 1062 532 1142 (nam
552 1065 632 1140 quod
645 1063 735 1122 XIIII
756 1065 899 1141 scriptum
914 1084 978 1125 esse
994 1071 1083 1128 certo

113 1154 238 1226 pignore
268 1153 370 1225 posset
394 1148 556 1222 adfirmari,
582 1148 656 1208 mihi
680 1148 800 1223 qrridem
830 1168 891 1208 non
918 1150 1080 1228 innotuit),

112 1235 258 1309 plurimos
278 1234 337 1292 olto
356 1236 442 1291 nacta
462 1235 532 1292 sunt
550 1233 691 1305 lectores,
719 1233 771 1291 sed
794 1251 903 1308 paucos
928 1252 995 1306 eos,
1021 1237 1081 1310 qui

115 1317 218 1376 cadem
230 1317 357 1376 feliciter
369 1315 568 1376 emendarent.
584 1315 625 1374 Et
635 1316 742 1374 menda
756 1316 876 1390 quidem
890 1317 968 1386 haud
982 1337 1083 1392 pauca

114 1402 260 1460 sustulere
280 1400 466 1476 grammatici
486 1399 570 1473 Itali,
602 1399 659 1458 alia
684 1411 808 1460 numero
828 1403 929 1460 tamen
947 1419 1009 1460 non
1034 1403 1084 1462 im

113 1486 209 1544 multa
227 1484 285 1543 Ios.
308 1485 448 1563 Scaligera
497 1484 545 1542 Ad
564 1485 839 1558 interpretationem
859 1501 962 1546 corum
981 1485 1078 1560 pluri·

112 1586 196 1626 mum
216 1568 342 1628 contulit
361 1567 447 1642 Casp.
471 1567 634 1643 Scioppius
672 1566 733 1626 Sua
751 1567 789 1625 N.
804 1567 928 1626 Heinsio
948 1571 980 1626 et
999 1569 1081 1628 Bur-

112 1670 222 1712 manno
243 1651 352 1710 Minori
371 1653 488 1710 merita.
517 1650 672 1710 Postremo
692 1651 742 1711 Fr.
758 1651 956 1712 Buechelerus
975 1653 1010 1712 in
1022 1673 1078 1728 cp-

112 1735 237 1812 pendice
256 1736 389 1796 Petronii
409 1738 440 1794 et
458 1736 491 1794 in
511 1754 550 1794 m.
566 1735 622 1792 Ith.
640 1730 932 1814 [XVIII,381sqq.]
953 1739 1081 1796 navant

112 1819 208 1880 Isdem
229 1839 349 1897 operam
369 1819 475 1879 utilem
496 1823 527 1877 et
545 1819 736 1878 luculentam.
781 1818 966 1893 Quamquam
995 1821 1079 1895 quod

113 1905 203 1964 etiarn
219 1906 325 1964 abhoc
340 1903 496 1964 dissentire
510 1903 673 1963 identidem
687 1920 703 1960 a
718 1920 749 1960 re
764 1903 863 1962 uisum
876 1903 978 1976 nobis,
1002 1905 1079 1978 quid

112 1989 221 2046 mirum
241 1990 273 2047 In
294 1989 487 2059 carminibus,
511 1988 618 2062 quibus
638 1986 687 2044 vix
706 1985 839 2046 invenies
859 1988 955 2062 magis
970 1987 1079 2062 depra-

113 2075 190 2144 vata,
207 2089 274 2129 cum
289 2070 497 2130 diversissimis
512 2070 687 2128 mendorum
701 2071 869 2146 generibus,
884 2070 914 2127 h.
924 2089 950 2128 e.
965 2073 996 2129 ct
1010 2089 1077 2130 eor-

112 2154 239 2228 ruptclis
253 2154 353 2214 nimiis
368 2156 399 2211 et
411 2154 690 2228 interpolationibus
705 2153 870 2212 immodicis
884 2155 1029 2212 laborent.

177 2235 317 2296 Ceterum
331 2236 477 2296 librorum
496 2236 673 2311 scriptorum
689 2237 820 2296 subsidio
833 2241 952 2312 practer
965 2238 1080 2297 ultim

113 2321 243 2396 quinque
265 2321 393 2382 osrmIna
411 2338 472 2380 non
492 2319 611 2379 adfuere
626 2321 712 2379 nobIs
727 2320 786 2380 nisi
800 2339 875 2395 quae
889 2321 1079 2397 Burmanno,

113 2405 243 2480 Meyero,
259 2403 447 2464 Buechelero.

176 2488 240 2546 Iam
254 2489 376 2564 Meyeri
392 2489 474 2548 cuius
485 2489 636 2567 exemplar
647 2487 781 2548 dedimus
793 2488 891 2562 operis
906 2488 1077 2547 describen-

113 2572 194 2644 dum,
206 2571 385 2630 variantium
396 2573 556 2632 lectionum
567 2570 736 2647 potissimas
748 2574 779 2630 et
793 2573 877 2646 siqua
891 2573 948 2631 alia
962 2590 1080 2632 memo·

112 2655 157 2713 ria
169 2655 349 2714 videbuntur
360 2655 449 2732 digna
460 2676 517 2732 qua
525 2675 579 2731 par
590 2658 655 2714 erat
671 2655 817 2714 brevitate
827 2657 1078 2731 perstringemus·

179 2741 206 2811 1,
224 2741 251 2812 1,
269 2741 287 2796 2
307 2738 443 2800 Imitatos
464 2759 528 2800 esse
547 2740 602 2798 hoc
624 2739 770 2798 distichon
784 2741 815 2798 et
830 2739 996 2798 Martialem
1011 2739 1036 2811 Ι,
1052 2739 1077 2798 4
1095 2745 1098 2750 ’

113 2825 155 2882 sio
176 2823 339 2900 ‘costumis
358 2822 593 2885 maroccanos
612 2825 638 2883 si
656 2822 730 2895 forte
745 2823 850 2882 libellos
863 2828 1009 2882 terrorum
1023 2823 1076 2882 do-

112 2909 227 2967 miuum
236 2927 314 2982 poue
327 2907 524 2983 saprerodium’
540 2910 571 2965 et
579 2907 746 2966 Ausonium
756 2907 789 2964 In
802 2906 936 2982 idyllia?
952 2910 986 2964 ut
999 2910 1083 2981 puta.

114 2995 265 3050 ‘mroaais
283 2995 420 3067 incompta·
449 2999 562 3052 tenuem
582 2986 684 3052 ledam
703 2989 828 3050 libellam
847 3007 925 3064 poue
946 2993 1076 3063 superet-

113 3075 211 3148 ὄπωπ’,
233 3078 413 3136 annotammt
431 3077 574 3152 plerique.
620 3073 736 3134 Horum
756 3074 934 3133 alterutrum
955 3092 1075 3148 expres·

113 3160 152 3218 sIt
172 3158 324 3235 Eugenius
345 3161 506 3224 Toletanus
521 3161 558 3219 ‘iu
576 3159 670 3237 praef.
697 3157 769 3216 edis
789 3158 827 3216 ab
846 3157 912 3236 ipso
934 3157 1080 3217 carminis

111 3243 280 3302 Dracontii:
327 3269 330 3272 ·

251 3327 398 3406 Principis
412 3329 560 3406 insignem
576 3327 682 3386 faciem
695 3326 794 3386 usura
809 3326 920 3385 libelle.

176 3409 244 3480 2,7
265 3408 400 3468 Pieriam
420 3415 478 3466 duo
499 3412 562 3469 odd.
584 3409 723 3483 MedIoei‚
745 3409 958 3484 Buechelerus3
978 3409 1079 3468 Pieri·

110 3493 181 3550 dum
196 3510 223 3552 v.
719 3516 721 3519 ’
