2486 4010
65 212 141 283 nn]
450 209 558 264 1111111
579 209 614 266 v.
955 203 1017 270 109

100 371 235 438 Narrant
254 369 408 435 historiae
430 369 560 436 foedera
579 374 659 436 nota
680 394 769 438 suae:

61 455 141 520 Haec
161 477 219 520 sua
239 454 393 520 maternis
416 455 558 539 queritur
579 456 676 522 livere
698 457 820 522 catenis
983 467 1017 520 st

99 539 229 604 Brachia
250 560 311 604 neo
331 538 462 604 meritas
483 538 601 624 frigida
623 561 698 605 saxa
718 561 848 605 manus:

59 621 169 688 Narrat
189 621 418 708 Hypermestre
440 643 595 708 magnum
616 645 709 690 111111
731 646 801 690 esse
823 644 964 708 sorores,

99 707 134 771 In
155 707 258 772 scelus
280 705 343 771 hoc
364 706 507 770 animum
526 728 596 771 non
615 709 754 774 valuisse
776 707 878 774 suuni.

66 789 110 855 Sic
129 791 241 858 mortis
262 790 402 854 lacrimis
423 791 508 856 vitae
530 812 679 856 sanamus
703 813 843 858 amores:

100 873 171 940 Gelo
193 896 254 959 ego
276 873 427 958 perfidiae
449 875 584 940 crimina
596 877 698 941 multa
719 881 802 942 tuae.
983 887 1019 940 ἰο

65 956 118 1022 Sed
136 957 197 1023 tibi
216 979 304 1022 nunc
323 957 476 1023 mandata
496 959 618 1042 damus,
640 960 669 1024 si
690 961 773 1026 forts
794 961 949 1045 moveris,

100 1041 131 1107 si
149 1047 182 1107 te
202 1064 278 1107 non·
291 1045 397 1108 totum
418 1040 587 1117 Chloridos
608 1042 709 1108 herba
729 1042 858 1110 tenet2'

61 1123 169 1190 Nutrix
190 1126 226 1190 in
245 1127 392 1190 tremulis
406 1126 526 1210 nequid
541 1127 699 1194 desideret
720 1129 813 1194 annis

99 1209 279 1275 Parthenio:
300 1211 406 1296 patuit
411 1259 421 1293 ,
442 1232 503 1276 nee
522 1211 584 1276 tibi
605 1234 701 1278 arara
720 1213 792 1278 fuit.

59 1291 254 1378 Deliciaeque
275 1315 365 1360 meae
386 1294 502 1379 Latris,
524 1296 576 1362 cui
596 1317 716 1362 nomen
737 1298 777 1363 ab
798 1301 899 1382 usust,
985 1306 1021 1361 to

98 1375 145 1444 Ne
166 1378 331 1462 speculum
352 1378 499 1444 dominae
519 1381 667 1466 porrigat
686 1381 743 1446 illa
756 1403 867 1447 novae.

61 1459 101 1524 Et
119 1483 332 1547 quoscumque
353 1483 425 1528 meo
447 1463 553 1528 fecisti
574 1465 706 1530 nomine
727 1485 852 1548 versus,

98 1544 159 1611 Vre
181 1545 278 1611 mihi:
299 1545 409 1611 laudes
430 1547 540 1613 desine
560 1547 678 1612 habere
698 1569 796 1612 meas.

59 1629 140 1694 Pella
153 1629 305 1696 hederam
319 1631 453 1714 tumulo,
468 1631 549 1696 mihi
560 1652 640 1716 quae
650 1634 818 1716 pugnante
833 1631 984 1716 corymbo

97 1713 207 1780 Mollia
229 1715 386 1779 contortis
407 1715 529 1800 adligat
549 1736 623 1780 ossa
645 1716 755 1782 comis.
985 1726 1021 1778 80

58 1795 201 1863 Pomosis
221 1796 309 1862 Anio
332 1821 396 1883 qua
416 1799 570 1884 spumifer
584 1798 717 1864 incubat
736 1800 830 1883 arvis,

96 1882 139 1948 llt
158 1903 334 1966 numquam
355 1881 514 1948 Herculeo
536 1883 667 1948 numine
688 1883 789 1968 pallet
811 1883 899 1966 ebur,

59 1962 118 2031 Hic
139 1988 269 2031 carmen
289 1965 395 2031 media
416 1967 550 2052 dignum
571 1989 623 2032 me
645 1968 748 2032 scribe
770 1968 935 2050 columna,

97 2049 158 2116 Sed
178 2051 285 2134 breve,
307 2051 393 2134 quod
414 2071 544 2116 currens
566 2054 676 2116 vector
698 2051 738 2114 ab
758 2051 838 2116 urbe
860 2052 963 2136 legat:

7 2121 8 2124 ¹
56 2133 128 2200 *flia
149 2133 319 2198 Tiburtina
339 2135 423 2200 iacet
445 2156 539 2200 aurea
554 2133 694 2219 cynthia
713 2137 812 2202 terra:
986 2147 1021 2198 85

96 2218 243 2284 Accessit
262 2219 352 2304 ripae
374 2219 454 2303 laus,
476 2219 613 2302 Aniene,
634 2223 731 2295 tuae?

59 2299 121 2368 Nec
141 2306 180 2366 tu
202 2323 316 2386 sperne
336 2303 399 2386 piis
419 2303 582 2368 venientia
603 2303 728 2369 somnia
772 2305 867 2371 ortis:

7 2443 8 2448 ,
97 2385 178 2452 Cum
198 2387 253 2470 pia
273 2390 431 2452 venerunt
450 2389 585 2471 somnia,
607 2388 733 2472 pondus
803 2389 893 2454 bant.

55 2467 158 2536 Nocte
179 2491 280 2556 vagae
300 2470 435 2536 ferimur
465 2493 531 2536 nox
552 2473 676 2540 clausas
702 2474 818 2548 liberat
838 2473 978 2556 umbras,

95 2555 193 2620 Errat
214 2557 247 2618 et
267 2553 392 2619 abiecta
413 2521 569 2621 (lorbems
591 2557 660 2641 ipse
682 2577 762 2621 sera,
986 2567 1021 2618 90

7 2711 8 2720 χ
58 2633 139 2703 Luce
161 2635 273 2704 iubent
295 2639 383 2724 leges
405 2637 546 2704 Lethaea
567 2639 608 2708 ad
630 2642 745 2723 stagna
765 2641 891 2704 reverti.
939 2696 947 2705 .

7 2743 8 2790 3
95 2721 166 2788 Nos
187 2721 347 2805 vehimur,
368 2725 497 2787 vectum
517 2724 617 2786 nauta
636 2724 783 2788 recenset
803 2743 893 2788 onus.

7 2883 8 2896 χ
57 2803 151 2871 Nunc
171 2809 205 2870 te
227 2807 413 2890 possideant
435 2807 530 2872 aliae:
552 2828 629 2871 mox
650 2807 720 2874 sola
739 2804 873 2872 tenebo:

7 3241 9 3296 Ι

7 3427 9 3462 l

7 3471 9 3518 l

7 3523 9 3572 l

7 3735 9 3778 l

95 2887 224 2956 Mecum
245 2891 324 2975 eris,
346 2893 379 2956 et
398 2891 507 2956 mixtis
530 2891 655 2956 ossibus
677 2911 751 2956 ossa
770 2893 894 2973 teram‚'

53 2969 144 3038 Haec
164 2977 337 3058 postquam
358 2976 491 3059 querula
511 2997 636 3041 mecum
658 2975 716 3040 sub
738 2966 796 3056 lite
816 2973 950 3062 peregit,
987 2987 1021 3038 95

96 3056 186 3124 Inter
208 3059 381 3143 conplexus
404 3058 523 3124 excidit
543 3059 657 3123 umbra
678 3079 777 3125 meos.

487 3271 576 3345 Vffl

55 3388 162 3477 Disce,
186 3392 262 3478 quid
283 3392 445 3478 Esquilias
467 3395 528 3461 hac
548 3397 644 3460 nocte
665 3394 787 3482 fugarit
808 3419 958 3485 aquosae,

99 3475 182 3544 Cum
205 3478 309 3543 vicina
329 3479 421 3545 novis
441 3480 536 3546 trube
558 3480 697 3550 cucumit
718 3481 813 3568 agris.
875 3521 878 3526 2
