2470 4010
589 214 802 274 PRAEFATIO.

215 619 296 682 Haeo
315 619 415 679 utrum
431 615 566 695 Sapphus
586 635 624 675 au
637 617 834 676 Anacreontis
854 617 1021 678 imitatione
1041 616 1154 696 probarit

216 703 363 777 Valerius,
378 722 439 764 non
454 703 525 762 satia
539 701 644 776 liquet.

280 787 430 866 Synaphia
453 786 631 860 ubicumque
656 785 779 860 optinet,
805 788 874 860 post
899 786 1037 846 ultimam
1060 787 1156 863 partem

217 873 305 934 metri
319 872 403 934 elisio
418 869 586 931 adrnittitur
602 868 665 928 sine
680 867 842 928 offensione
855 871 890 928 ut
903 872 976 945 puta

462 954 649 1027 saltuumque
663 952 885 1014 reconditorum

462 1037 650 1110 amniumque
665 1039 833 1096 sonantum.

462 1120 525 1180 sola
539 1120 658 1196 cognita
672 1120 725 1180 sed
739 1121 842 1180 marito

460 1206 520 1264 ista
529 1219 593 1264 non
608 1203 712 1263 eadem
726 1205 826 1264 licent.

282 1289 382 1350 Semel
403 1289 492 1348 etiam
513 1306 622 1347 nomen
642 1289 812 1364 proprium,
834 1288 907 1349 alias
921 1292 1018 1350 metro
1034 1291 1160 1366 neptun
1230 1333 1231 1368 ³

218 1372 250 1435 in
265 1373 338 1434 duos
353 1391 456 1442 versus
471 1371 613 1432 divisum:
1230 1371 1231 1382 ¹

461 1455 532 1516 flere
548 1454 664 1531 desine3
680 1474 741 1516 non
754 1457 811 1515 tibi
826 1456 866 1514 A.

462 1539 615 1600 runauleia
628 1539 831 1614 perieulumst.

282 1623 334 1684 Bis
349 1627 433 1684 terve
448 1622 688 1699 monosyllabum
702 1622 734 1682 in
747 1623 799 1684 fini
814 1643 918 1684 versus
933 1626 1116 1686 collocatum.
1135 1625 1165 1682 Iu

219 1709 358 1770 earminis
374 1709 411 1768 61
428 1707 535 1784 prioris
550 1707 721 1783 systematis
736 1707 888 1767 cuiusdam
903 1707 961 1768 fine
975 1713 1076 1769 utrum
1089 1728 1165 1786 posu-

219 1793 277 1854 erit
290 1792 366 1854 illud
381 1793 441 1852 ‘et’
464 1791 563 1852 addita
581 1792 670 1850 etiam
696 1790 818 1852 elisione
833 1791 968 1852 Catullus
988 1811 1094 1868 neone,
1113 1793 1165 1868 ple·
1231 1823 1232 1838 κ

220 1896 345 1955 rumque
366 1877 478 1938 dubito.
508 1875 627 1936 Habent
645 1875 687 1934 ibi
705 1875 826 1950 quidem
840 1877 910 1936 libri
925 1875 1128 1938 Germanenais
1141 1879 1168 1934 et

220 1961 353 2022 Datanua
368 1981 416 2022 vv.
433 1961 577 2021 aaa-31
593 1961 636 2020 ita
650 1959 775 2035 scriptos

422 2044 562 2120 coniuges
576 2043 653 2103 bone
668 2042 729 2102 vite
747 2039 822 2119 (aive
837 2042 924 2121 vitei)
940 2047 971 2104 et

422 2145 544 2186 munere
560 2127 675 2186 assidue
690 2127 840 2186 valentem

422 2213 555 2270 exercete
568 2211 731 2270 iuventam.

285 2294 342 2353 Sed
363 2293 506 2354 omittunt
523 2293 600 2352 illud
614 2293 674 2354 ‘et‘
694 2294 912 2355 Laurentianus
933 2299 965 2356 et
979 2296 1171 2370 Oolbertinus,

220 2382 255 2437 ut
270 2396 329 2438 non
344 2377 474 2454 alienum
488 2377 528 2439 sit
542 2397 560 2436 a
573 2379 782 2454 probabilitate
797 2380 949 2454 scripsisse
965 2378 1116 2442 Catullum

464 2462 603 2538 coniuges
618 2462 694 2523 bene
709 2462 801 2523 vivite
893 2533 896 2539 .

464 2543 586 2606 munere
602 2547 719 2608 assiduo
733 2549 765 2606 et
778 2547 927 2607 valentem

465 2633 597 2692 exereete
612 2630 774 2692 iuventam.

283 2713 320 2775 Χ.
342 2713 487 2792 Glycerio
507 2717 603 2775 metro
624 2715 649 2776 si
669 2715 799 2775 iunxeris
819 2716 1057 2790 Pherecratium,
1086 2716 1176 2776 oritur

221 2817 323 2862 versus
337 2799 437 2876 mollis
451 2818 485 2857 ae
499 2800 642 2859 delicatus
657 2802 801 2875 aptusque
815 2799 871 2860 deo
886 2803 969 2861 onius
982 2801 1089 2860 honori
1103 2801 1177 2860 diea-

220 2885 349 2958 tuaest,
374 2883 517 2960 Priapeua
540 2877 576 2963 [o.
595 2884 643 2942 1⁷.
664 2883 753 2960 frgm.
775 2883 803 2942 2.
826 2879 869 2964 3]-
903 2885 976 2945 Eius
998 2884 1111 2960 speeies
1135 2889 1179 2944 est

221 2967 305 3028 talis:

456 3047 936 3134 rvavuraatafflrwav

349 3151 374 3211 0
391 3151 522 3227 Colonia,
537 3172 613 3230 quae
629 3154 711 3229 oupis
726 3156 816 3228 ponte
831 3153 933 3212 ludere
949 3154 1049 3228 longo.

279 3233 421 3294 'Iambum
431 3239 531 3295 tamen
541 3237 627 3295 initio
638 3238 731 3313 partis
747 3235 890 3295 secundae
905 3239 1035 3312 positum
1046 3236 1138 3296 habes
1150 3237 1182 3296 in

222 3320 329 3396 fragm.
346 3320 375 3378 3.
420 3317 554 3394 Septima
574 3337 691 3394 semper
710 3321 800 3394 longa
820 3320 860 3380 ait
879 3323 998 3396 oportet
1016 3321 1134 3397 syllaba
1153 3325 1183 3378 et

222 3404 306 3464 finita
323 3403 427 3479 utique
448 3404 532 3477 parte
554 3403 705 3461 orationis,
735 3403 797 3462 Neo
816 3404 914 3464 hiatus
934 3405 967 3464 in
986 3423 1021 3463 aa
1034 3403 1127 3464 habat
1140 3404 1182 3464 lo-

224 3507 299 3561 cum,
315 3485 396 3562 quod
409 3486 485 3546 falso
501 3485 606 3544 statuit
620 3483 826 3547 Lachmaunus
841 3488 878 3546 ad
893 3487 960 3548 Ter.
976 3487 1072 3547 Maur.
1089 3489 1184 3548 2756.
