2486 4010
208 217 269 285 108
515 277 520 288 ,
584 221 778 279 reornaru
1111 223 1180 297 [vn

270 385 418 469 Denique
439 387 510 470 quis
531 389 643 452 nostro
666 407 797 451 curvum
817 387 851 450 te
872 385 984 450 funere
1007 383 1110 466 vidit

311 471 426 534 Atiam
448 471 520 555 quis
534 471 673 536 lacrimis
695 469 865 534 incaluisse
885 469 1022 554 togam?

270 553 304 619 Si
349 556 432 640 iguit
452 558 562 639 portas
576 556 661 621 ultra
679 555 866 638 procedere,
888 555 921 617 at
942 553 1024 618 illue

219 651 254 701 80
310 576 472 722 dimissor,
494 639 612 704 lectum
634 639 750 703 lentius
771 639 818 703 ire
840 659 957 701 meum.

270 721 336 789 Cur
356 727 470 788 ventos
490 744 559 787 non
579 724 648 806 ipse
669 723 769 808 rogis,
790 723 926 807 ingrate,
947 719 1091 804 petisti?

312 807 377 873 Cur
396 807 497 871 nardo
518 808 663 872 flammeo
683 827 751 870 non
773 807 881 870 oluere
901 805 1015 869 meae?

269 889 341 955 Hoc
363 891 460 956 etiam
481 913 577 976 grave
599 894 683 970 erat,
706 891 797 955 nulla
810 890 955 974 mercede
976 885 1182 974 hyacinthos·

311 975 434 1040 Inicere
456 978 489 1040 et
509 976 612 1040 fracto
634 977 730 1040 busta
750 975 838 1058 piare
861 973 949 1038 cado.
1026 1029 1027 1036 ,

219 1070 253 1122 35
268 1058 316 1144 Ly
340 1060 451 1125 damus
473 1063 591 1143 uretur,
615 1059 784 1140 candescat
804 1058 924 1123 lamina
944 1078 1083 1122 vernae:

310 1081 404 1208 Censi
425 1165 502 1229 ego,
526 1165 598 1209 cum
618 1138 744 1208 insidiis
765 1143 886 1228 pallida
906 1143 981 1206 vine
1002 1141 1084 1205 bibi.

268 1225 457 1374 mominis
480 1229 877 1375 amiam-wllatygffiuta
898 1226 1033 1290 salivas:

342 1330 390 1374 rce
449 1333 543 1374 amna
559 1333 626 1375 asr
673 1333 711 1375 ea
835 1331 973 1375 manus.¹

269 1394 356 1470 Quae
378 1394 474 1459 modo
496 1416 554 1479 per
576 1333 852 1478 vili‘snnspectac
872 1394 1001 1478 puplica
1020 1394 1147 1473 noctes,
1225 1431 1226 1450 η

218 1490 253 1541 40
309 1477 398 1543 Haec
418 1500 506 1543 nunc
527 1483 638 1545 aurata
658 1480 788 1563 cyclade
811 1480 919 1564 signat
939 1478 1073 1542 humum
1225 1457 1226 1512 ¹

268 1561 489 1712 Ethrrivuliord
503 1563 789 1711 respendit‘iniquris
810 1584 911 1711 [ἔξω
932 1562 1088 1711 qpasillis,

267 1730 301 1798 N
301 1670 449 1881 {iffi}
463 1668 1014 1880 qdodadgrdiqdfflicidunffidiiiinic
1025 1744 1172 1807 coronae,

339 1837 357 1880 o
393 1837 438 1880 ors
460 1837 573 1880 mmun
626 1835 698 1878 vme
736 1837 756 1878 a
777 1835 834 1880 een
897 1837 994 1880 anus:

218 1911 251 1962 45
267 1899 419 1966 Caeditur
441 1901 473 1964 et
494 1899 612 1984 Lalage
634 1900 729 1963 tortis
752 1920 906 1984 suspensa
928 1896 1062 1982 capillis,
1157 1974 1160 1980 Ι

309 1983 372 2048 Per
392 2005 511 2048 nomen
533 1983 714 2068 quoniamst
741 2005 817 2048 ausa
838 2005 952 2068 rogare
974 2005 1092 2048 meum.
1226 2019 1227 2046 r

267 2067 312 2132 Te
333 2069 475 2152 patiente
496 2089 586 2133 meae
608 2067 759 2133 conflavit
779 2068 931 2152 imaginis
954 2089 1074 2151 aurum,

309 2151 453 2217 Ardente
475 2175 492 2217 e
514 2156 625 2218 nostro
648 2153 755 2217 dotem
775 2151 923 2217 habitura
944 2173 1034 2236 rogo,

266 2233 343 2300 Non
363 2238 472 2300 tamen
493 2237 647 2320 insector,
670 2237 813 2320 quamvis
834 2258 990 2319 mereare,
1005 2233 1166 2320 Properti:

149 2353 156 2365 ·
217 2330 252 2380 60
307 2317 421 2402 Longa
442 2340 514 2383 mea
534 2321 570 2384 in
591 2321 682 2386 libris
704 2343 805 2406 regna
825 2321 913 2386 fuere
933 2320 1008 2385 tuis.

266 2401 340 2467 Iuro
363 2423 423 2487 ego
445 2401 598 2466 Fatorum
619 2405 700 2468 nulli
722 2405 896 2471 revolubile
919 2425 1061 2488 carmen,

308 2483 580 2572 Tergeminusque
602 2489 689 2552 canis
712 2489 758 2553 sic
779 2489 860 2554 mihi
880 2490 978 2553 molle
1000 2491 1101 2572 sonet,

266 2571 320 2636 Me
342 2593 482 2637 servasse
503 2572 608 2637 fidem.
630 2573 660 2638 si
681 2573 777 2657 fallo,
800 2573 909 2658 vipera
929 2574 1049 2638 nostris

309 2656 423 2723 Sibilet
443 2659 478 2722 in
499 2658 631 2722 tumulis
654 2660 686 2722 et
700 2679 795 2741 super
816 2679 890 2722 ossa
911 2658 1014 2722 cubet.

217 2753 250 2805 55
264 2740 350 2808 Nam
396 2744 531 2808 eminast
553 2742 643 2808 sedes
663 2747 790 2828 turpem
818 2743 930 2808 sortita
950 2763 1008 2827 per
1030 2763 1160 2823 amnem,

308 2765 476 2913 'furiaque
499 2828 772 2916 diversaremigat
793 2831 897 2897 omnis
920 2849 1010 2914 aqua.

266 2911 372 2991 †Vna
384 2912 631 2998 Clytaemestrae
648 2919 792 3000 stuprum
808 2916 906 3000 vehit,
922 2917 1022 2980 altera
1034 2913 1164 3000 Cressae

309 2997 453 3076 †Portat
466 3000 618 3065 mentitae
640 3001 748 3086 lignea
768 3004 913 3065 monstra
935 3000 1035 3064 bovis.

265 3080 350 3146 Ecce
373 3088 524 3149 coronato
546 3105 619 3168 pars
640 3086 740 3150 altera
759 3089 851 3150 vecta
871 3085 1013 3170 phaselo,
1040 3091 1048 3104 ¹

216 3178 250 3228 60
306 3165 428 3231 Mulcet
448 3170 504 3234 ubi
525 3169 651 3254 Elysias
674 3191 749 3234 aura
769 3171 863 3234 beata
884 3191 983 3252 rosas,

266 3247 336 3324 Qua
347 3272 519 3345 numerosa
532 3254 620 3338 fides,
637 3276 761 3338 quaque
780 3276 853 3319 aera
866 3253 1005 3320 rutunda
1019 3253 1161 3340 Cybebes

308 3331 508 3417 M1tratisquo
532 3341 649 3402 sonant
662 3337 763 3423 Lydia
776 3338 898 3422 plectra
920 3339 1036 3404 choris,

266 3415 532 3499 Andromedeque
560 3425 593 3484 et
613 3421 842 3506 Hypermestre
870 3425 940 3490 sine
966 3423 1078 3490 froude
1099 3445 1160 3490 ma·

810 3509 890 3576 ritae
