2470 4010
205 225 248 295 62
611 179 764 284 1111111
1036 231 1167 301 [cxxiii

313 391 457 470 Prodest,
480 389 578 454 immo
602 389 698 454 etiam
719 389 828 454 taedet
849 391 1002 476 obestque
1024 395 1125 478 magis

236 489 253 540 5
267 475 314 542 Vt
334 475 428 559 mihi,
451 496 546 558 quem
566 496 662 539 nemo
683 474 813 559 gravius
827 497 887 540 nec
902 476 1046 542 acerbius
1060 479 1165 562 urget,

311 559 413 637 Quam
434 559 528 624 modo
551 559 607 642 qui
630 579 682 623 me
705 581 804 624 unum
818 561 1070 710 didrulrallildictum
1092 563 1165 624 ami-

612 735 764 745 ....,...-.-

594 833 775 908 LXXHH.

268 964 390 1031 Gellius
413 963 556 1028 audierat
576 967 725 1048 patruom
747 963 915 1050 obiurgare
938 966 1056 1050 solere,

310 1049 415 1132 Siquis
438 1048 568 1112 delicias
592 1049 711 1114 diceret
732 1053 788 1113 aut
808 1050 935 1115 faceret.

265 1133 338 1198 Hoc
358 1156 399 1197 ne
421 1134 483 1217 ipsi
505 1133 676 1217 accideret,
698 1133 804 1217 patrui
825 1134 1010 1219 perdepsuit
1030 1136 1129 1218 ipsam

308 1217 448 1282 onrem
470 1220 503 1281 11
523 1219 671 1301 patruom
691 1217 830 1283 reddidit
851 1217 1088 1303 Harpocratem.

234 1301 359 1379 squod
380 1302 483 1367 voluit
503 1302 595 1367 fecit:
622 1325 713 1384 nam,
737 1303 880 1386 quamvis
902 1303 1042 1367 inrumet
1061 1305 1160 1388 ipsum

307 1386 403 1452 Nunc
425 1389 589 1470 patruom,
611 1387 743 1452 verbum
764 1408 832 1451 non
853 1387 950 1452 faciet
971 1392 1108 1472 patruos.

610 1533 763 1545 -υ-

595 1635 774 1710 LXXVII.

264 1766 347 1832 Rufe
369 1767 450 1831 mihi
470 1768 590 1831 frustra
611 1788 649 1830 ac
669 1767 861 1850 nequiquam
884 1768 1002 1832 credite
1024 1769 1121 1832 amico

308 1851 476 1937 (Frustral
493 1852 590 1916 immo
605 1871 723 1936 magno
740 1873 812 1915 cum
826 1853 930 1935 pretio
945 1849 1157 1936 siquando),

265 1934 372 2002 Sicine
394 1936 553 2021 subrepsti
574 1935 652 2018 mei,
675 1938 768 2018 atque
790 1937 942 2000 intestina
962 1958 1111 2021 perurens
1213 1955 1214 2010 1

307 2019 350 2084 Εἰ
371 2021 487 2084 misero
511 2021 656 2104 eripuisti
678 2020 785 2083 omnia
806 2023 917 2084 nostra
937 2020 1044 2084 bona?
1212 2041 1213 2106 q

232 2103 436 2187 5Eripuisti,
457 2103 522 2169 heu
542 2105 606 2169 heu
626 2107 755 2168 nostrae
777 2105 903 2169 crudele
924 2127 1081 2177 venenum
1211 2153 1212 2202 q

306 2187 417 2270 Vitae,
439 2187 587 2253 heuheu
606 2192 735 2252 nostrae
756 2189 856 2272 pestis
879 2189 1046 2254 amicitiae.

265 2271 328 2336 Sed
349 2293 435 2335 nunc
456 2271 491 2334 id
512 2272 619 2356 doleo,
643 2273 728 2356 quod
749 2295 847 2356 purae
868 2295 948 2357 pura
968 2274 1092 2358 puellae

307 2355 400 2420 Savia
422 2357 599 2420 conminxit
620 2378 735 2440 spurca
757 2357 857 2420 saliva
878 2361 942 2422 tua.

263 2438 384 2506 Verum
405 2440 439 2504 id
460 2461 527 2504 11111
541 2442 661 2525 inpune
675 2441 775 2506 feres:
796 2463 872 2505 nam
893 2445 925 2506 te
940 2442 1048 2506 omnia
1062 2441 1156 2506 saecla

129 2571 131 2576 -
215 2536 249 2587 10
304 2524 462 2608 Noscant,
485 2527 593 2609 etqui
616 2525 659 2589 sis
682 2525 767 2590 fama
789 2527 936 2610 loquetur
958 2547 1047 2591 anus,

607 2673 760 2682 ..ι-

585 2774 782 2848 LXXVIII.

262 2904 373 2971 Gallus
394 2906 492 2970 habet
518 2905 647 2989 fratres,
677 2909 842 3003 quorumst
869 2905 1064 2990 lepidissima
1089 2927 1154 2971 eon·

810 3012 887 3054 1unx

303 3073 461 3158 Alterius)
483 3075 607 3160 lepidus
630 3075 713 3139 filius
736 3075 874 3139 alterius.

263 3156 374 3222 Gallus
394 3159 523 3223 homost
544 3161 663 3224 bellus:
685 3181 761 3224 nam
783 3159 890 3224 dulces
911 3158 978 3243 iun·
993 3159 1018 3223 't
1031 3179 1152 3243 amores,

304 3240 385 3307 (lum
407 3263 505 3325 puero
528 3246 565 3306 ut
585 3244 670 3308 bello
693 3245 779 3308 bella
799 3243 908 3328 puella
929 3264 968 3307 cu
991 3247 1031 3308 et.

230 3337 246 3386 5
263 3325 374 3390 Gallus
395 3324 525 3389 homost
546 3327 662 3392 stultus
684 3349 744 3392 nec
767 3349 800 3392 se
815 3328 902 3393 videt
917 3349 986 3392 esse
1006 3329 1154 3404 maritum,
1183 3360 1188 3369 ·

304 3408 367 3485 Qui
387 3412 519 3492 patruos
541 3411 647 3495 patrui
669 3416 827 3478 monstret
849 3412 1047 3478 adulterium.
1182 3432 1187 3443 ·

607 3565 758 3580 *-
