2470 4010
163 188 202 251 1a
568 187 720 243 curvam
1014 187 1174 260 mv.

248 352 340 417 Comi
361 350 488 415 moenia
508 349 698 434 Lariumque
719 351 812 416 litus:

175 448 192 498 ὅ
248 436 334 501 Nam
356 435 507 519 quasdam
528 435 601 499 volo
625 435 835 518 cogitationes

247 520 354 583 Amici
376 519 511 602 accipiat
532 519 581 582 sui
602 519 736 601 meique.

247 603 366 686 Quare,
388 603 416 667 si
439 603 556 686 sapiet,
579 603 662 666 viam
683 603 823 686 vorabit,

248 687 397 763 Quamvis
420 686 554 750 candida
575 686 679 749 milies
701 687 808 769 puella

246 771 385 835 Euntem
405 773 532 834 revocet
552 790 728 853 manusque
750 771 832 834 collo

163 869 197 918 ιο
244 856 366 918 Ambas
387 855 522 917 iniciens
544 856 637 937 roget
657 853 791 936 morari,

247 939 335 1014 Quae
356 958 456 1020 nunc,
479 937 507 1000 si
527 937 608 1000 mihi
629 958 703 1001 vera
724 937 932 1018 nuntiantur,

246 1023 343 1087 Illum
364 1021 487 1105 deperit
508 1021 672 1104 inpotente
694 1042 815 1085 amore:

246 1106 332 1172 Nam
354 1127 417 1190 quo
438 1108 581 1188 tempore
603 1104 682 1188 legit
703 1105 885 1169 incohatam

247 1189 401 1273 Dindymi
423 1189 599 1271 dominam,
622 1210 661 1252 ex
682 1210 719 1252 eo
741 1189 884 1254 misellae

163 1286 196 1338 15
243 1274 340 1359 Ignes
362 1273 547 1337 interiorem
569 1272 667 1336 edunt
687 1272 867 1338 medullam.

247 1359 385 1442 Ignosco
407 1357 480 1440 tibi,
504 1356 663 1441 Sapphica
683 1355 790 1440 puella

247 1443 341 1506 Musa
362 1441 500 1505 doctior:
523 1444 573 1505 est
593 1441 679 1504 enim
699 1444 832 1505 venuste

189 1545 191 1549 ·
248 1525 368 1610 Magna
390 1523 529 1590 Caecilio
552 1524 701 1588 incohata
722 1528 833 1589 mater.

567 1646 720 1655 ——

558 1703 742 1786 XXXVJJ

247 1829 391 1892 Annales
413 1826 541 1910 Volusi,
565 1829 673 1891 cacata
693 1828 816 1910 charta,

247 1911 368 1976 Votum
390 1912 503 1976 solvite
524 1932 583 1994 pro
604 1932 675 1974 mea
695 1913 816 1995 puella:

247 1995 332 2060 Nam
354 1997 483 2059 sanctae
504 1993 623 2058 Veneri
644 1995 855 2079 Cupidinique

247 2077 361 2161 Vovit,
384 2078 412 2140 si
434 2077 495 2142 eibi
517 2079 682 2142 restibulus
705 2100 807 2143 essem

178 2173 195 2224 6
249 2160 473 2244 Desissemque
494 2165 599 2227 truces
621 2163 746 2228 vibrare
767 2163 907 2248 iambos,

248 2243 451 2309 Electissima
470 2247 601 2328 pessimi
622 2241 733 2331 poetae

250 2328 376 2412 Scripta
397 2329 553 2412 tardipedi
574 2329 633 2394 deo
657 2331 801 2395 (latinam

249 2411 436 2476 Infelicibus
457 2413 628 2478 ustulanda
649 2415 755 2500 lignis.

248 2496 293 2560 Et
313 2497 391 2562 haec
412 2499 551 2581 pessima
572 2519 606 2562 se
627 2500 734 2582 puella
755 2499 835 2563 vidit

166 2593 200 2643 10
250 2581 361 2646 Iocose
382 2583 486 2666 lepide
506 2604 620 2646 vovere
643 2582 733 2647 divis.

248 2664 359 2750 Nunc,
383 2687 401 2730 o
424 2667 568 2730 caeruleo
591 2669 697 2731 creata
717 2671 832 2751 ponto,

250 2749 336 2825 Quae
359 2753 504 2814 sanctum
525 2750 661 2814 Idalium
682 2750 777 2817 Vrios
800 2773 839 2815 ue
860 2755 971 2836 portus

249 2833 398 2918 Quaeque
419 2834 555 2898 Ancona
577 2833 773 2920 Cnidumque
818 2837 1047 2902 arundinosam

234 2919 338 2982 xColis
360 2940 502 3003 quaeque
523 2917 722 2982 Amathunta
743 2941 884 3003 quaeque
907 2920 1029 3005 Golgos

167 3013 199 3064 15
251 3000 399 3087 Quaeque
420 3001 632 3068 Durrachium
654 3003 772 3068 Adriae
793 3004 974 3087 tabemam‚

249 3085 426 3183 Acceptum
446 3087 516 3152 face
537 3087 756 3171 redditumque
778 3091 901 3170 votum,

250 3166 285 3233 Si
306 3191 373 3232 non
393 3170 569 3253 inlepidum
590 3193 693 3255 neque
715 3173 959 3238 mvenustumst.

249 3254 296 3316 At
315 3273 373 3316 vos
393 3253 516 3318 interea
537 3255 642 3318 venite
663 3257 699 3319 in
720 3256 843 3341 ignem,

248 3336 341 3400 Pleni
362 3337 444 3400 ruris
466 3338 499 3399 et
518 3337 727 3400 inficetiarum

165 3432 199 3482 20
249 3419 392 3483 Annales
413 3418 541 3503 Volusi,
564 3421 673 3483 cacata
695 3420 815 3488 charta.

571 3539 723 3550 .—
