2468 4036
167 221 241 268 xxx
559 203 773 262 PRAEFATIO.

166 377 241 436 lines
261 393 401 435 sensuum
422 391 456 432 ae
474 390 666 433 numerorum
687 372 893 432 vehementius
918 373 1133 450 discreparent.

167 459 253 518 Vnde
268 477 335 518 raro
350 459 459 532 evenit,
472 461 507 517 ut
521 475 641 517 caesura
651 475 756 516 versus
769 457 880 516 heroici
890 490 931 498 -
941 476 1011 517 nam
1025 477 1041 516 a
1053 477 1134 533 pen·

168 545 295 602 tametro
311 543 413 602 eadem
429 543 529 601 exulat
542 541 664 600 lieentia
677 573 718 582 -
732 540 844 600 ineidat
861 541 894 600 in
909 543 1134 602 coniunctiones

167 627 387 703 monosyllabas
403 627 465 686 sive
479 625 727 701 praepositionem
748 627 901 700 praeterea
914 627 971 695 bis,
990 645 1050 685 non
1065 645 1135 686 sae-

167 713 250 787 pius,
277 710 397 787 gravius
417 711 640 785 interpunctum
660 713 730 786 post
749 709 856 785 pedem
876 711 1013 784 quintum
1035 707 1078 788 [1‚
1104 713 1133 784 1,

250 791 311 940 11111
326 897 382 954 ego
396 878 510 937 laudari
526 896 604 950 euro,
620 895 687 936 mea
700 877 802 936 Delia:
820 883 914 938 111111

293 962 452 1021 dummodo
468 963 533 1034 sim,
549 980 658 1036 quaeso
674 962 773 1036 segnis
787 961 925 1037 inersque
940 980 1038 1022 veser.

251 1065 326 1122 quae
340 1049 393 1105 tua
407 1045 553 1105 formosos
568 1046 647 1120 oepit
661 1045 810 1104 sollertia:
827 1051 898 1106 certe

292 1149 353 1189 non
367 1130 423 1188 tibi
439 1130 531 1188 barba
545 1129 630 1202 uitet,
646 1147 708 1188 non
721 1130 779 1188 tibi·
793 1131 873 1188 aulta
886 1132 1008 1188 eomast.

229 1214 329 1272 Finito
345 1216 444 1272 autem
459 1213 585 1272 disticho
600 1215 680 1271 amat
694 1213 858 1273 sententiae
873 1214 1023 1289 quoddam
1037 1215 1134 1275 inter-

168 1299 284 1358 stitium
298 1296 383 1371 adici,
398 1297 478 1373 quod
492 1297 731 1373 interpunctione
746 1298 932 1373 exprimitur.

174 1456 177 1460 Ι
230 1381 333 1456 Neque
351 1398 423 1441 uero
443 1382 584 1441 minutias
607 1383 683 1440 tales
696 1381 788 1440 taedii
803 1383 849 1441 sat
862 1383 967 1457 plenas
981 1401 1050 1442 aum
1064 1384 1134 1459 pul·

167 1466 281 1525 viseulo
295 1465 343 1524 hie
356 1466 414 1524 loei
429 1464 583 1524 exhaurire
597 1467 690 1541 gestit
704 1467 829 1525 animus.

232 1549 381 1626 Syniaesis
402 1567 477 1625 quae
503 1550 598 1610 oritur
624 1550 634 1607 i
659 1551 708 1608 vel
731 1571 750 1607 u
771 1551 893 1610 mutatis
913 1549 946 1610 in
968 1567 1131 1612 consonam

167 1635 259 1708 nulla,
276 1633 454 1693 Graecanica
467 1633 593 1692 habetur
607 1635 699 1693 semel
716 1630 767 1712 [H,
786 1637 812 1707 1,
828 1629 881 1713 49]

292 1737 362 1778 rure
376 1718 451 1777 levis
466 1736 557 1778 verno
572 1718 659 1777 flores
675 1718 738 1793 apis
753 1719 865 1794 ingerit
878 1718 968 1778 alvea

231 1802 401 1862 Dihaeresis
416 1801 522 1860 aooidit
536 1802 567 1860 in
581 1802 642 1860 illis
659 1797 695 1879 [1,
712 1803 740 1875 7,
757 1803 785 1860 2.
803 1804 852 1875 10,
870 1803 919 1862 62.
939 1802 1012 1876 ΙΠΙ,
1028 1805 1059 1876 5,
1078 1798 1130 1882 16]

170 1888 364 1956 dissoluenda,
379 1887 551 1959 dissoluisse,
567 1886 692 1946 soluisse.
725 1884 770 1946 cf.
786 1886 814 1944 d.
830 1906 855 1944 r.
871 1905 911 1944 m.
928 1885 1000 1946 262.

230 1970 267 2030 In
287 1971 460 2030 elisionibus
482 1969 654 2029 adhibendis
673 1972 784 2045 quanta
808 1969 900 2028 fuerit
927 1967 1024 2030 o'autio
1045 1971 1132 2030 Albii

169 2056 228 2113 iam
257 2054 343 2116 facile
370 2055 540 2130 apparebit,
569 2056 728 2130 postquam
756 2054 885 2129 plurima
905 2054 1044 2114 licentiae
1066 2057 1132 2114 eiua

113 2157 115 2166 ‘
170 2138 304 2212 exempla
323 2141 460 2197 truncata
478 2157 537 2198 una
551 2139 657 2198 vocula
677 2137 741 2198 ‘est'
757 2139 940 2198 sustulimus.
970 2137 1133 2199 Praeterea

169 2221 317 2281 monenda
330 2221 415 2279 haee:

232 2305 386 2380 Nusquam
406 2304 558 2364 eliduntur
577 2306 711 2380 iambica,
732 2325 878 2383 nusquam
894 2307 1010 2380 oration,
1032 2325 1131 2383 neque

170 2389 315 2464 dactylica
335 2407 409 2466 quae
429 2388 461 2447 in
475 2407 505 2446 m
521 2393 635 2450 exeant.
665 2390 728 2449 Nee
742 2409 812 2450 vero
827 2391 1012 2466 pyrrichiaea
1026 2391 1132 2450 eadem

169 2475 270 2532 littera
289 2473 374 2532 finita
396 2473 607 2549 synaloepham
627 2475 782 2550 patiuntur
800 2473 974 2550 insequente
993 2478 1132 2552 correpta

169 2557 218 2617 vel
233 2560 326 2616 acuta.
356 2557 450 2618 Porro
470 2575 531 2618 non
555 2557 707 2618 eliduntur
728 2559 934 2635 monosyllaba
948 2560 1039 2636 longa
1051 2559 1131 2620 inse-

140 2641 142 2648 '
170 2645 279 2718 querite
293 2643 386 2715 brevi,
402 2661 457 2702 nee
471 2642 629 2718 spondiaea
643 2643 746 2702 eadem
767 2642 937 2703 eondieione
951 2643 1010 2703 nisi
1024 2647 1132 2718 quater

170 2728 202 2786 in
217 2727 313 2803 prima
326 2727 413 2799 thesi,
436 2729 529 2788 semel
542 2727 574 2786 in
588 2729 694 2803 quarta
708 2727 732 2800 Ι,
749 2727 778 2801 2,
791 2728 841 2787 89.
857 2727 898 2802 Π,
916 2730 943 2801 1,
959 2727 1009 2785 41.
1025 2727 1083 2801 ΙΠ,
1101 2729 1131 2802 4,

170 2812 220 2871 49.
236 2811 307 2886 ΙΠῙ,
326 2814 353 2886 1,
372 2813 440 2871 175.
456 2812 507 2871 43.
842 2889 843 2892 ¹

233 2897 326 2957 Elisio
341 2897 372 2955 in
386 2898 483 2972 prima
497 2895 641 2956 ultimave
655 2897 770 2973 syllaba
783 2896 873 2954 metri
885 2896 977 2955 nulla.
992 2893 1128 2955 Praeter·

171 2998 206 3038 ea
219 2982 346 3047 maxime
360 2980 442 3040 loeus
457 2980 654 3057 synaloephae
669 2981 812 3055 inprime
833 2980 909 3055 pede
924 2983 955 3038 et
969 2980 1001 3038 in
1012 2983 1131 3055 quarto,

170 3080 259 3137 porro
273 3065 305 3122 in
320 3067 379 3123 arsi
395 3066 524 3139 secundi,
540 3067 748 3140 praeterquam
762 3065 815 3123 ubi
828 3063 1038 3123 trithemimeri
1053 3066 1132 3138 opti·

1201 820 1212 1205 l

170 3149 268 3206 netur.
288 3177 330 3188 --
349 3147 501 3224 Nusquam
521 3151 621 3207 autem
642 3148 779 3208 Tibullus
799 3150 904 3224 longas
923 3149 1021 3207 autin
1035 3167 1066 3205 m
1082 3166 1131 3206 ex·
1213 3157 1215 3182 ¹

171 3233 276 3290 euntes
290 3232 407 3290 vocales
422 3232 508 3290 elidit
522 3251 539 3290 a
553 3233 650 3307 quinti
663 3233 733 3292 inde
747 3232 831 3308 pedis
848 3232 941 3308 thesi3
964 3249 1020 3290 neo
1033 3233 1132 3308 magis
1212 3284 1213 3304 ,

171 3316 203 3373 in
229 3315 323 3372 altero
348 3316 528 3388 pentametri
557 3315 741 3376 hemistichia
770 3318 889 3392 praeter
917 3317 972 3377 hoe
1000 3317 1130 3375 metrum
1212 3343 1213 3346 ¹

174 3394 209 3474 [L
225 3399 254 3470 4,
272 3393 393 3552 56bost
407 3480 498 3537 etiam
512 3480 588 3539 eollo
603 3499 635 3539 se
649 3482 822 3557 inplieuisse
836 3483 928 3542 volet.
