<?xml version="1.0" encoding="UTF-8"?>
<!DOCTYPE html PUBLIC "-//W3C//DTD XHTML 1.0 Transitional//EN"
    "http://www.w3.org/TR/xhtml1/DTD/xhtml1-transitional.dtd">
<html xmlns="http://www.w3.org/1999/xhtml" xml:lang="en" lang="en">
 <head>
  <title>
</title>
<meta http-equiv="Content-Type" content="text/html;charset=utf-8" />
  <meta name='ocr-system' content='tesseract 3.04.00' />
  <meta name='ocr-capabilities' content='ocr_page ocr_carea ocr_par ocr_line ocrx_word'/>
</head>
<body>
  <div class='ocr_page' id='page_1' title='image "./catvllitibvllip00priagoog_0039.png"; bbox 0 0 2444 4056; ppageno 0'>
   <div class='ocr_carea' id='block_1_1' title="bbox 424 255 1012 318">
    <p class='ocr_par' dir='ltr' id='par_1_1' title="bbox 424 255 1012 318">
     <span class='ocr_line' id='line_1_1' title="bbox 424 255 1012 318; baseline 0.012 -7"><span class='ocrx_word' id='word_1_1' title='bbox 424 255 637 313; x_wconf 79' lang='lat' dir='ltr'><strong>PRAEFATIO.</strong></span> <span class='ocrx_word' id='word_1_2' title='bbox 935 269 1012 318; x_wconf 79' lang='lat' dir='ltr'>xxv</span> 
     </span>
    </p>
   </div>
   <div class='ocr_carea' id='block_1_2' title="bbox 53 424 1013 1751">
    <p class='ocr_par' dir='ltr' id='par_1_2' title="bbox 53 424 1013 1751">
     <span class='ocr_line' id='line_1_2' title="bbox 53 424 1011 501; baseline 0 -17"><span class='ocrx_word' id='word_1_3' title='bbox 53 426 237 499; x_wconf 88' lang='lat' dir='ltr'>monendum,</span> <span class='ocrx_word' id='word_1_4' title='bbox 253 425 284 483; x_wconf 92' lang='lat' dir='ltr'>id</span> <span class='ocrx_word' id='word_1_5' title='bbox 298 425 377 501; x_wconf 91' lang='lat' dir='ltr'>quod</span> <span class='ocrx_word' id='word_1_6' title='bbox 391 425 480 485; x_wconf 88' lang='lat' dir='ltr'>facile</span> <span class='ocrx_word' id='word_1_7' title='bbox 495 424 658 484; x_wconf 77' lang='lat' dir='ltr'>concedent</span> <span class='ocrx_word' id='word_1_8' title='bbox 671 424 815 500; x_wconf 79' lang='lat' dir='ltr'>plerique,</span> <span class='ocrx_word' id='word_1_9' title='bbox 830 443 891 485; x_wconf 91' lang='grc' dir='ltr'>ιιοιι</span> <span class='ocrx_word' id='word_1_10' title='bbox 905 443 921 484; x_wconf 92' lang='lat' dir='ltr'>e</span> <span class='ocrx_word' id='word_1_11' title='bbox 937 424 1011 484; x_wconf 86' lang='lat' dir='ltr'>Var-</span> 
     </span>
     <span class='ocr_line' id='line_1_3' title="bbox 55 507 1011 604; baseline 0 -37"><span class='ocrx_word' id='word_1_12' title='bbox 55 511 141 582; x_wconf 88' lang='lat' dir='ltr'>ronis,</span> <span class='ocrx_word' id='word_1_13' title='bbox 163 513 198 568; x_wconf 88' lang='lat' dir='ltr'>ut</span> <span class='ocrx_word' id='word_1_14' title='bbox 213 509 341 568; x_wconf 87' lang='lat' dir='ltr'>durioris</span> <span class='ocrx_word' id='word_1_15' title='bbox 356 512 478 604; x_wconf 86' lang='lat' dir='ltr'>poetae,</span> <span class='ocrx_word' id='word_1_16' title='bbox 502 512 554 566; x_wconf 89' lang='lat' dir='ltr'>aut</span> <span class='ocrx_word' id='word_1_17' title='bbox 568 526 584 566; x_wconf 92' lang='lat' dir='ltr'>e</span> <span class='ocrx_word' id='word_1_18' title='bbox 600 507 792 581; x_wconf 84' lang='lat' dir='ltr'>Maecenatis,</span> <span class='ocrx_word' id='word_1_19' title='bbox 808 512 843 566; x_wconf 90' lang='lat' dir='ltr'>ut</span> <span class='ocrx_word' id='word_1_20' title='bbox 855 510 1011 584; x_wconf 78' lang='lat' dir='ltr'>molliculi,</span> 
     </span>
     <span class='ocr_line' id='line_1_4' title="bbox 55 556 1011 670; baseline 0.002 -20"><span class='ocrx_word' id='word_1_21' title='bbox 55 556 223 668; x_wconf 71' lang='lat' dir='ltr'>fragmentis</span> <span class='ocrx_word' id='word_1_22' title='bbox 245 593 297 652; x_wconf 88' lang='lat' dir='ltr'>sed</span> <span class='ocrx_word' id='word_1_23' title='bbox 318 593 467 669; x_wconf 82' lang='lat' dir='ltr'>exipsius</span> <span class='ocrx_word' id='word_1_24' title='bbox 488 590 602 650; x_wconf 90' lang='lat' dir='ltr'>Valerii</span> <span class='ocrx_word' id='word_1_25' title='bbox 622 593 749 652; x_wconf 79' lang='lat' dir='ltr'>carmine</span> <span class='ocrx_word' id='word_1_26' title='bbox 769 611 914 666; x_wconf 90' lang='lat' dir='ltr'>normam,</span> <span class='ocrx_word' id='word_1_27' title='bbox 935 613 1011 670; x_wconf 86' lang='lat' dir='ltr'>quaa</span> 
     </span>
     <span class='ocr_line' id='line_1_5' title="bbox 56 675 1012 772; baseline 0.002 -38"><span class='ocrx_word' id='word_1_28' title='bbox 56 677 191 750; x_wconf 79' lang='lat' dir='ltr'>placuerit</span> <span class='ocrx_word' id='word_1_29' title='bbox 205 677 282 749; x_wconf 87' lang='lat' dir='ltr'>buia,</span> <span class='ocrx_word' id='word_1_30' title='bbox 298 677 452 734; x_wconf 80' lang='lat' dir='ltr'>metricam</span> <span class='ocrx_word' id='word_1_31' title='bbox 467 693 532 736; x_wconf 86' lang='lat' dir='ltr'>essa</span> <span class='ocrx_word' id='word_1_32' title='bbox 547 675 749 751; x_wconf 79' lang='lat' dir='ltr'>repetendam.</span> <span class='ocrx_word' id='word_1_33' title='bbox 769 675 874 752; x_wconf 84' lang='lat' dir='ltr'>Itaque</span> <span class='ocrx_word' id='word_1_34' title='bbox 887 681 1012 772; x_wconf 88' lang='lat' dir='ltr'>apparet</span> 
     </span>
     <span class='ocr_line' id='line_1_6' title="bbox 57 757 1010 836; baseline 0.002 -20"><span class='ocrx_word' id='word_1_35' title='bbox 57 761 128 834; x_wconf 91' lang='lat' dir='ltr'>quod</span> <span class='ocrx_word' id='word_1_36' title='bbox 147 764 178 818; x_wconf 91' lang='lat' dir='ltr'>et</span> <span class='ocrx_word' id='word_1_37' title='bbox 193 761 353 819; x_wconf 81' lang='lat' dir='ltr'>Sentenius</span> <span class='ocrx_word' id='word_1_38' title='bbox 366 757 515 835; x_wconf 72' lang='lat' dir='ltr'>persensit</span> <span class='ocrx_word' id='word_1_39' title='bbox 534 777 680 836; x_wconf 78' lang='lat' dir='ltr'>nusquam</span> <span class='ocrx_word' id='word_1_40' title='bbox 694 759 825 819; x_wconf 92' lang='lat' dir='ltr'>ionicum</span> <span class='ocrx_word' id='word_1_41' title='bbox 840 780 856 818; x_wconf 89' lang='lat' dir='ltr'>a</span> <span class='ocrx_word' id='word_1_42' title='bbox 870 761 941 819; x_wconf 90' lang='lat' dir='ltr'>min.</span> <span class='ocrx_word' id='word_1_43' title='bbox 957 780 1010 836; x_wconf 90' lang='lat' dir='ltr'>pu·</span> 
     </span>
     <span class='ocr_line' id='line_1_7' title="bbox 57 841 1013 919; baseline 0.003 -19"><span class='ocrx_word' id='word_1_44' title='bbox 57 862 117 900; x_wconf 82' lang='lat' dir='ltr'>rum</span> <span class='ocrx_word' id='word_1_45' title='bbox 135 844 261 917; x_wconf 87' lang='lat' dir='ltr'>reperiri</span> <span class='ocrx_word' id='word_1_46' title='bbox 280 844 313 902; x_wconf 92' lang='grc' dir='ltr'>ιιι</span> <span class='ocrx_word' id='word_1_47' title='bbox 338 843 393 903; x_wconf 92' lang='lat' dir='ltr'>hoe</span> <span class='ocrx_word' id='word_1_48' title='bbox 420 842 558 902; x_wconf 87' lang='lat' dir='ltr'>carmine</span> <span class='ocrx_word' id='word_1_49' title='bbox 601 841 730 903; x_wconf 86' lang='lat' dir='ltr'>Namv.</span> <span class='ocrx_word' id='word_1_50' title='bbox 748 845 786 902; x_wconf 88' lang='lat'>18</span> <span class='ocrx_word' id='word_1_51' title='bbox 807 861 843 901; x_wconf 88' lang='lat' dir='ltr'>ex</span> <span class='ocrx_word' id='word_1_52' title='bbox 863 862 897 902; x_wconf 89' lang='lat' dir='ltr'>eo</span> <span class='ocrx_word' id='word_1_53' title='bbox 904 844 1013 919; x_wconf 89' lang='lat' dir='ltr'>,quod</span> 
     </span>
     <span class='ocr_line' id='line_1_8' title="bbox 56 926 1011 1000; baseline 0.004 -18"><span class='ocrx_word' id='word_1_54' title='bbox 56 927 190 1000; x_wconf 82' lang='lat' dir='ltr'>praebent</span> <span class='ocrx_word' id='word_1_55' title='bbox 211 927 275 986; x_wconf 86' lang='lat' dir='ltr'>fere</span> <span class='ocrx_word' id='word_1_56' title='bbox 296 926 496 1000; x_wconf 83' lang='lat' dir='ltr'>membranae,</span> <span class='ocrx_word' id='word_1_57' title='bbox 516 927 638 986; x_wconf 72' lang='lat' dir='ltr'>aceruo</span> <span class='ocrx_word' id='word_1_58' title='bbox 657 927 800 988; x_wconf 65' lang='lat' dir='ltr'>commis</span> <span class='ocrx_word' id='word_1_59' title='bbox 819 945 881 986; x_wconf 92' lang='lat' dir='ltr'>non</span> <span class='ocrx_word' id='word_1_60' title='bbox 894 927 1011 986; x_wconf 89' lang='lat' dir='ltr'>elicien-</span> 
     </span>
     <span class='ocr_line' id='line_1_9' title="bbox 57 1009 1012 1086; baseline 0.004 -20"><span class='ocrx_word' id='word_1_61' title='bbox 57 1009 129 1082; x_wconf 89' lang='lat' dir='ltr'>dum,</span> <span class='ocrx_word' id='word_1_62' title='bbox 151 1011 207 1070; x_wconf 82' lang='lat' dir='ltr'>etsi</span> <span class='ocrx_word' id='word_1_63' title='bbox 228 1011 341 1086; x_wconf 84' lang='lat' dir='ltr'>placuit</span> <span class='ocrx_word' id='word_1_64' title='bbox 360 1011 526 1085; x_wconf 89' lang='lat' dir='ltr'>plerisque,</span> <span class='ocrx_word' id='word_1_65' title='bbox 546 1011 669 1070; x_wconf 63' lang='lat' dir='ltr'>haerete</span> <span class='ocrx_word' id='word_1_66' title='bbox 682 1027 748 1070; x_wconf 82' lang='lat' dir='ltr'>aare</span> <span class='ocrx_word' id='word_1_67' title='bbox 761 1014 856 1071; x_wconf 67' lang='lat' dir='ltr'>citata</span> <span class='ocrx_word' id='word_1_68' title='bbox 875 1011 928 1070; x_wconf 88' lang='lat' dir='ltr'>sed</span> <span class='ocrx_word' id='word_1_69' title='bbox 947 1028 1012 1071; x_wconf 68' lang='lat' dir='ltr'>aaa</span> 
     </span>
     <span class='ocr_line' id='line_1_10' title="bbox 55 1094 1011 1169; baseline 0.004 -18"><span class='ocrx_word' id='word_1_70' title='bbox 55 1095 160 1165; x_wconf 70' lang='grc' dir='ltr'>ιιιαιιζις</span> <span class='ocrx_word' id='word_1_71' title='bbox 180 1112 251 1152; x_wconf 90' lang='lat' dir='ltr'>nam</span> <span class='ocrx_word' id='word_1_72' title='bbox 271 1097 303 1152; x_wconf 91' lang='lat' dir='ltr'>et</span> <span class='ocrx_word' id='word_1_73' title='bbox 321 1095 359 1151; x_wconf 89' lang='lat' dir='ltr'>ad</span> <span class='ocrx_word' id='word_1_74' title='bbox 374 1094 552 1153; x_wconf 82' lang='lat' dir='ltr'>sententiam</span> <span class='ocrx_word' id='word_1_75' title='bbox 566 1095 655 1169; x_wconf 82' lang='lat' dir='ltr'>longe</span> <span class='ocrx_word' id='word_1_76' title='bbox 669 1095 775 1154; x_wconf 87' lang='lat' dir='ltr'>melius</span> <span class='ocrx_word' id='word_1_77' title='bbox 789 1094 887 1154; x_wconf 87' lang='lat' dir='ltr'>babet.</span> <span class='ocrx_word' id='word_1_78' title='bbox 917 1094 1011 1155; x_wconf 88' lang='lat' dir='ltr'>Porro</span> 
     </span>
     <span class='ocr_line' id='line_1_11' title="bbox 56 1176 1012 1254; baseline 0.003 -20"><span class='ocrx_word' id='word_1_79' title='bbox 56 1194 81 1234; x_wconf 85' lang='lat' dir='ltr'>u.</span> <span class='ocrx_word' id='word_1_80' title='bbox 98 1178 136 1236; x_wconf 86' lang='grc'>60</span> <span class='ocrx_word' id='word_1_81' title='bbox 159 1176 279 1236; x_wconf 83' lang='lat' dir='ltr'>videtur</span> <span class='ocrx_word' id='word_1_82' title='bbox 297 1177 419 1252; x_wconf 88' lang='lat' dir='ltr'>quidem</span> <span class='ocrx_word' id='word_1_83' title='bbox 443 1176 568 1236; x_wconf 87' lang='lat' dir='ltr'>indicari</span> <span class='ocrx_word' id='word_1_84' title='bbox 595 1177 740 1236; x_wconf 91' lang='lat' dir='ltr'>librorum</span> <span class='ocrx_word' id='word_1_85' title='bbox 760 1179 950 1254; x_wconf 82' lang='lat' dir='ltr'>corruptelis,</span> <span class='ocrx_word' id='word_1_86' title='bbox 979 1179 1012 1238; x_wconf 90' lang='lat' dir='ltr'>id</span> 
     </span>
     <span class='ocr_line' id='line_1_12' title="bbox 57 1259 1011 1338; baseline 0.007 -23"><span class='ocrx_word' id='word_1_87' title='bbox 57 1259 130 1332; x_wconf 91' lang='lat' dir='ltr'>quod</span> <span class='ocrx_word' id='word_1_88' title='bbox 150 1263 196 1319; x_wconf 89' lang='lat' dir='ltr'>est</span> <span class='ocrx_word' id='word_1_89' title='bbox 213 1263 395 1337; x_wconf 53' lang='lat' dir='ltr'>meusim</span> <span class='ocrx_word' id='word_1_90' title='bbox 417 1260 470 1320; x_wconf 86' lang='lat' dir='ltr'>sed</span> <span class='ocrx_word' id='word_1_91' title='bbox 489 1260 694 1336; x_wconf 88' lang='lat' dir='ltr'>reponendum</span> <span class='ocrx_word' id='word_1_92' title='bbox 714 1260 794 1320; x_wconf 88' lang='lat' dir='ltr'>haud</span> <span class='ocrx_word' id='word_1_93' title='bbox 813 1261 902 1322; x_wconf 90' lang='lat' dir='ltr'>dubie</span> <span class='ocrx_word' id='word_1_94' title='bbox 914 1266 1011 1338; x_wconf 71' lang='lat' dir='ltr'>pami-</span> 
     </span>
     <span class='ocr_line' id='line_1_13' title="bbox 57 1343 1012 1422; baseline 0.001 -18"><span class='ocrx_word' id='word_1_95' title='bbox 57 1345 156 1422; x_wconf 54' lang='lat' dir='ltr'>maiix</span> <span class='ocrx_word' id='word_1_96' title='bbox 176 1345 224 1402; x_wconf 90' lang='lat' dir='ltr'>oui</span> <span class='ocrx_word' id='word_1_97' title='bbox 245 1345 430 1404; x_wconf 89' lang='lat' dir='ltr'>coniecturae</span> <span class='ocrx_word' id='word_1_98' title='bbox 455 1343 534 1402; x_wconf 86' lang='lat' dir='ltr'>haud</span> <span class='ocrx_word' id='word_1_99' title='bbox 560 1363 629 1404; x_wconf 89' lang='lat' dir='ltr'>sana</span> <span class='ocrx_word' id='word_1_100' title='bbox 650 1363 756 1420; x_wconf 90' lang='lat' dir='ltr'>parurn</span> <span class='ocrx_word' id='word_1_101' title='bbox 782 1363 817 1404; x_wconf 82' lang='lat' dir='ltr'>ex</span> <span class='ocrx_word' id='word_1_102' title='bbox 840 1364 875 1405; x_wconf 92' lang='lat' dir='ltr'>eo</span> <span class='ocrx_word' id='word_1_103' title='bbox 900 1345 1012 1405; x_wconf 87' lang='lat' dir='ltr'>aeeadit</span> 
     </span>
     <span class='ocr_line' id='line_1_14' title="bbox 58 1426 1011 1504; baseline 0.006 -22"><span class='ocrx_word' id='word_1_104' title='bbox 58 1426 201 1500; x_wconf 87' lang='lat' dir='ltr'>praesidii,</span> <span class='ocrx_word' id='word_1_105' title='bbox 228 1428 309 1503; x_wconf 88' lang='lat' dir='ltr'>quod</span> <span class='ocrx_word' id='word_1_106' title='bbox 328 1429 480 1502; x_wconf 88' lang='lat' dir='ltr'>antiquam</span> <span class='ocrx_word' id='word_1_107' title='bbox 501 1428 584 1487; x_wconf 81' lang='lat' dir='ltr'>addit</span> <span class='ocrx_word' id='word_1_108' title='bbox 602 1430 729 1488; x_wconf 86' lang='lat' dir='ltr'>orationi</span> <span class='ocrx_word' id='word_1_109' title='bbox 750 1431 941 1504; x_wconf 80' lang='lat' dir='ltr'>gravitatem,</span> <span class='ocrx_word' id='word_1_110' title='bbox 963 1447 1011 1488; x_wconf 88' lang='lat' dir='ltr'>cu-</span> 
     </span>
     <span class='ocr_line' id='line_1_15' title="bbox 59 1510 1010 1588; baseline 0.006 -22"><span class='ocrx_word' id='word_1_111' title='bbox 59 1510 98 1568; x_wconf 89' lang='lat' dir='ltr'>ius</span> <span class='ocrx_word' id='word_1_112' title='bbox 116 1529 202 1585; x_wconf 86' lang='lat' dir='ltr'>quam</span> <span class='ocrx_word' id='word_1_113' title='bbox 224 1511 317 1570; x_wconf 87' lang='lat' dir='ltr'>fuerit</span> <span class='ocrx_word' id='word_1_114' title='bbox 336 1511 485 1571; x_wconf 89' lang='lat' dir='ltr'>studiosus</span> <span class='ocrx_word' id='word_1_115' title='bbox 506 1510 641 1572; x_wconf 81' lang='lat' dir='ltr'>Catullus</span> <span class='ocrx_word' id='word_1_116' title='bbox 665 1513 704 1571; x_wconf 88' lang='grc' dir='ltr'>ιιιΙ</span> <span class='ocrx_word' id='word_1_117' title='bbox 720 1513 801 1585; x_wconf 91' lang='lat' dir='ltr'>Atti,</span> <span class='ocrx_word' id='word_1_118' title='bbox 821 1514 1010 1588; x_wconf 83' lang='lat' dir='ltr'>epithalamio</span> 
     </span>
     <span class='ocr_line' id='line_1_16' title="bbox 58 1591 1011 1672; baseline 0.006 -23"><span class='ocrx_word' id='word_1_119' title='bbox 58 1591 140 1666; x_wconf 89' lang='lat' dir='ltr'>Pelei,</span> <span class='ocrx_word' id='word_1_120' title='bbox 162 1595 260 1670; x_wconf 82' lang='lat' dir='ltr'>elegia</span> <span class='ocrx_word' id='word_1_121' title='bbox 279 1594 317 1652; x_wconf 88' lang='lat' dir='ltr'>ad</span> <span class='ocrx_word' id='word_1_122' title='bbox 336 1594 460 1668; x_wconf 81' lang='lat' dir='ltr'>Allium,</span> <span class='ocrx_word' id='word_1_123' title='bbox 483 1613 566 1655; x_wconf 84' lang='lat' dir='ltr'>coma</span> <span class='ocrx_word' id='word_1_124' title='bbox 580 1595 738 1655; x_wconf 82' lang='lat' dir='ltr'>Berenices</span> <span class='ocrx_word' id='word_1_125' title='bbox 753 1596 876 1672; x_wconf 87' lang='lat' dir='ltr'>aliisque</span> <span class='ocrx_word' id='word_1_126' title='bbox 891 1597 1011 1655; x_wconf 84' lang='lat' dir='ltr'>maioris</span> 
     </span>
     <span class='ocr_line' id='line_1_17' title="bbox 57 1677 1011 1751; baseline 0.005 -17"><span class='ocrx_word' id='word_1_127' title='bbox 57 1677 136 1750; x_wconf 85' lang='lat' dir='ltr'>spatii</span> <span class='ocrx_word' id='word_1_128' title='bbox 155 1678 352 1751; x_wconf 86' lang='lat' dir='ltr'>carminibus,</span> <span class='ocrx_word' id='word_1_129' title='bbox 372 1678 451 1737; x_wconf 90' lang='lat' dir='ltr'>inter</span> <span class='ocrx_word' id='word_1_130' title='bbox 473 1695 576 1738; x_wconf 86' lang='lat' dir='ltr'>omnes</span> <span class='ocrx_word' id='word_1_131' title='bbox 596 1683 721 1738; x_wconf 88' lang='lat' dir='ltr'>constat.</span> <span class='ocrx_word' id='word_1_132' title='bbox 758 1677 898 1738; x_wconf 85' lang='lat' dir='ltr'>Ceterum</span> <span class='ocrx_word' id='word_1_133' title='bbox 921 1682 1011 1739; x_wconf 88' lang='lat' dir='ltr'>etiam</span> 
     </span>
    </p>
   </div>
   <div class='ocr_carea' id='block_1_3' title="bbox 10 1761 1015 3592">
    <p class='ocr_par' dir='ltr' id='par_1_3' title="bbox 57 1761 1012 2002">
     <span class='ocr_line' id='line_1_18' title="bbox 57 1761 1011 1838; baseline 0.002 -20"><span class='ocrx_word' id='word_1_134' title='bbox 57 1761 214 1832; x_wconf 87' lang='lat' dir='ltr'>posteriore</span> <span class='ocrx_word' id='word_1_135' title='bbox 229 1763 319 1838; x_wconf 82' lang='lat' dir='ltr'>longe</span> <span class='ocrx_word' id='word_1_136' title='bbox 333 1765 467 1837; x_wconf 84' lang='lat' dir='ltr'>tempore</span> <span class='ocrx_word' id='word_1_137' title='bbox 479 1765 682 1837; x_wconf 70' lang='lat' dir='ltr'>omnicoetum</span> <span class='ocrx_word' id='word_1_138' title='bbox 701 1762 777 1820; x_wconf 86' lang='lat' dir='ltr'>dixit</span> <span class='ocrx_word' id='word_1_139' title='bbox 790 1761 887 1820; x_wconf 88' lang='lat' dir='ltr'>Varro</span> <span class='ocrx_word' id='word_1_140' title='bbox 902 1763 930 1820; x_wconf 92' lang='lat' dir='ltr'>d.</span> <span class='ocrx_word' id='word_1_141' title='bbox 946 1783 971 1821; x_wconf 92' lang='lat' dir='ltr'>r.</span> <span class='ocrx_word' id='word_1_142' title='bbox 986 1783 1011 1820; x_wconf 91' lang='lat' dir='ltr'>r.</span> 
     </span>
     <span class='ocr_line' id='line_1_19' title="bbox 57 1841 1012 1920; baseline 0.003 -19"><span class='ocrx_word' id='word_1_143' title='bbox 57 1841 78 1914; x_wconf 91' lang='lat' dir='ltr'>l,</span> <span class='ocrx_word' id='word_1_144' title='bbox 98 1845 149 1916; x_wconf 82' lang='lat' dir='ltr'>bb,</span> <span class='ocrx_word' id='word_1_145' title='bbox 170 1846 200 1903; x_wconf 78' lang='lat'>4.</span> <span class='ocrx_word' id='word_1_146' title='bbox 237 1844 372 1904; x_wconf 87' lang='lat' dir='ltr'>Videnda</span> <span class='ocrx_word' id='word_1_147' title='bbox 392 1863 467 1920; x_wconf 88' lang='lat' dir='ltr'>quea</span> <span class='ocrx_word' id='word_1_148' title='bbox 488 1845 563 1902; x_wconf 83' lang='lat' dir='ltr'>dixit</span> <span class='ocrx_word' id='word_1_149' title='bbox 582 1843 619 1902; x_wconf 91' lang='lat' dir='ltr'>de</span> <span class='ocrx_word' id='word_1_150' title='bbox 645 1844 699 1901; x_wconf 86' lang='lat' dir='ltr'>bae</span> <span class='ocrx_word' id='word_1_151' title='bbox 718 1844 815 1902; x_wconf 85' lang='lat' dir='ltr'>forma</span> <span class='ocrx_word' id='word_1_152' title='bbox 833 1843 1012 1905; x_wconf 83' lang='lat' dir='ltr'>Ritschelius</span> 
     </span>
     <span class='ocr_line' id='line_1_20' title="bbox 59 1928 592 2002; baseline 0.002 -18"><span class='ocrx_word' id='word_1_153' title='bbox 59 1945 100 2002; x_wconf 90' lang='lat' dir='ltr'>op.</span> <span class='ocrx_word' id='word_1_154' title='bbox 114 1928 152 2000; x_wconf 88' lang='lat' dir='ltr'>H,</span> <span class='ocrx_word' id='word_1_155' title='bbox 167 1930 241 1990; x_wconf 83' lang='grc'><strong>483.</strong></span> <span class='ocrx_word' id='word_1_156' title='bbox 256 1929 328 1988; x_wconf 84' lang='grc'><strong>499.</strong></span> <span class='ocrx_word' id='word_1_157' title='bbox 345 1929 416 1989; x_wconf 84' lang='grc'>500.</span> <span class='ocrx_word' id='word_1_158' title='bbox 433 1929 504 1988; x_wconf 77' lang='grc'><strong>517.</strong></span> <span class='ocrx_word' id='word_1_159' title='bbox 521 1928 592 1988; x_wconf 83' lang='grc'><strong>520.</strong></span> 
     </span>
    </p>

    <p class='ocr_par' dir='ltr' id='par_1_4' title="bbox 57 2011 1013 2156">
     <span class='ocr_line' id='line_1_21' title="bbox 112 2011 1013 2084; baseline 0.007 -14"><span class='ocrx_word' id='word_1_160' title='bbox 112 2011 216 2071; x_wconf 81' lang='lat' dir='ltr'>Restat</span> <span class='ocrx_word' id='word_1_161' title='bbox 243 2031 273 2072; x_wconf 83' lang='lat' dir='ltr'>v.</span> <span class='ocrx_word' id='word_1_162' title='bbox 300 2012 356 2070; x_wconf 81' lang='lat'>54:</span> <span class='ocrx_word' id='word_1_163' title='bbox 398 2017 425 2073; x_wconf 82' lang='lat' dir='ltr'>at</span> <span class='ocrx_word' id='word_1_164' title='bbox 449 2027 552 2074; x_wconf 75' lang='lat' dir='ltr'>curura</span> <span class='ocrx_word' id='word_1_165' title='bbox 580 2013 680 2076; x_wconf 78' lang='lat' dir='ltr'>comta</span> <span class='ocrx_word' id='word_1_166' title='bbox 708 2012 819 2072; x_wconf 82' lang='lat' dir='ltr'>adirem</span> <span class='ocrx_word' id='word_1_167' title='bbox 848 2011 1013 2084; x_wconf 70' lang='lat' dir='ltr'>faribmdo</span> 
     </span>
     <span class='ocr_line' id='line_1_22' title="bbox 57 2093 179 2156; baseline 0.033 -4"><span class='ocrx_word' id='word_1_168' title='bbox 57 2093 179 2156; x_wconf 79' lang='lat' dir='ltr'>latibulo.</span> 
     </span>
    </p>

    <p class='ocr_par' dir='ltr' id='par_1_5' title="bbox 58 2179 1014 2824">
     <span class='ocr_line' id='line_1_23' title="bbox 113 2179 1013 2256; baseline 0.004 -19"><span class='ocrx_word' id='word_1_169' title='bbox 113 2179 158 2237; x_wconf 81' lang='lat' dir='ltr'>lix</span> <span class='ocrx_word' id='word_1_170' title='bbox 177 2180 234 2239; x_wconf 91' lang='lat' dir='ltr'>boc</span> <span class='ocrx_word' id='word_1_171' title='bbox 254 2181 376 2256; x_wconf 89' lang='lat' dir='ltr'>quidem</span> <span class='ocrx_word' id='word_1_172' title='bbox 396 2181 587 2241; x_wconf 87' lang='lat' dir='ltr'>insolentiam</span> <span class='ocrx_word' id='word_1_173' title='bbox 610 2181 699 2239; x_wconf 87' lang='lat' dir='ltr'>metri</span> <span class='ocrx_word' id='word_1_174' title='bbox 719 2179 861 2240; x_wconf 82' lang='lat' dir='ltr'>facillimo</span> <span class='ocrx_word' id='word_1_175' title='bbox 881 2181 1013 2241; x_wconf 88' lang='lat' dir='ltr'>remedio</span> 
     </span>
     <span class='ocr_line' id='line_1_24' title="bbox 58 2262 1014 2340; baseline 0.006 -22"><span class='ocrx_word' id='word_1_176' title='bbox 58 2262 98 2319; x_wconf 88' lang='lat' dir='ltr'>usi</span> <span class='ocrx_word' id='word_1_177' title='bbox 116 2266 307 2323; x_wconf 82' lang='lat' dir='ltr'>removenmt</span> <span class='ocrx_word' id='word_1_178' title='bbox 332 2263 466 2340; x_wconf 89' lang='lat' dir='ltr'>plerique</span> <span class='ocrx_word' id='word_1_179' title='bbox 494 2263 647 2323; x_wconf 88' lang='lat' dir='ltr'>scribendo</span> <span class='ocrx_word' id='word_1_180' title='bbox 670 2269 697 2323; x_wconf 81' lang='lat' dir='ltr'>ct</span> <span class='ocrx_word' id='word_1_181' title='bbox 722 2281 823 2324; x_wconf 78' lang='lat' dir='ltr'>aarum</span> <span class='ocrx_word' id='word_1_182' title='bbox 849 2266 889 2324; x_wconf 88' lang='lat' dir='ltr'>od</span> <span class='ocrx_word' id='word_1_183' title='bbox 913 2270 1014 2324; x_wconf 77' lang='lat' dir='ltr'>omnic</span> 
     </span>
     <span class='ocr_line' id='line_1_25' title="bbox 58 2347 1014 2423; baseline 0.002 -19"><span class='ocrx_word' id='word_1_184' title='bbox 58 2347 139 2417; x_wconf 64' lang='lat' dir='ltr'>iram</span> <span class='ocrx_word' id='word_1_185' title='bbox 159 2347 213 2406; x_wconf 88' lang='lat' dir='ltr'>sed</span> <span class='ocrx_word' id='word_1_186' title='bbox 234 2351 407 2422; x_wconf 88' lang='lat' dir='ltr'>corruptum</span> <span class='ocrx_word' id='word_1_187' title='bbox 421 2348 521 2423; x_wconf 85' lang='lat' dir='ltr'>potius</span> <span class='ocrx_word' id='word_1_188' title='bbox 535 2349 583 2406; x_wconf 91' lang='lat' dir='ltr'>est</span> <span class='ocrx_word' id='word_1_189' title='bbox 595 2347 695 2421; x_wconf 89' lang='lat' dir='ltr'>ipsum</span> <span class='ocrx_word' id='word_1_190' title='bbox 709 2347 785 2406; x_wconf 92' lang='lat' dir='ltr'>illud</span> <span class='ocrx_word' id='word_1_191' title='bbox 804 2351 913 2417; x_wconf 79' lang='lat' dir='ltr'>omnio,</span> <span class='ocrx_word' id='word_1_192' title='bbox 933 2349 1014 2423; x_wconf 91' lang='lat' dir='ltr'>quod</span> 
     </span>
     <span class='ocr_line' id='line_1_26' title="bbox 59 2430 1013 2506; baseline 0.003 -21"><span class='ocrx_word' id='word_1_193' title='bbox 59 2447 140 2500; x_wconf 87' lang='lat' dir='ltr'>quam</span> <span class='ocrx_word' id='word_1_194' title='bbox 159 2430 337 2506; x_wconf 83' lang='lat' dir='ltr'>languidum</span> <span class='ocrx_word' id='word_1_195' title='bbox 357 2432 397 2490; x_wconf 86' lang='lat' dir='ltr'>sit</span> <span class='ocrx_word' id='word_1_196' title='bbox 418 2449 565 2506; x_wconf 86' lang='lat' dir='ltr'>quamque</span> <span class='ocrx_word' id='word_1_197' title='bbox 580 2430 711 2488; x_wconf 89' lang='lat' dir='ltr'>alianum</span> <span class='ocrx_word' id='word_1_198' title='bbox 726 2449 743 2488; x_wconf 91' lang='lat' dir='ltr'>a</span> <span class='ocrx_word' id='word_1_199' title='bbox 757 2431 911 2490; x_wconf 88' lang='lat' dir='ltr'>maiestate</span> <span class='ocrx_word' id='word_1_200' title='bbox 926 2432 1013 2489; x_wconf 91' lang='lat' dir='ltr'>huius</span> 
     </span>
     <span class='ocr_line' id='line_1_27' title="bbox 59 2513 1014 2589; baseline 0.006 -21"><span class='ocrx_word' id='word_1_201' title='bbox 59 2513 196 2586; x_wconf 87' lang='lat' dir='ltr'>carminis,</span> <span class='ocrx_word' id='word_1_202' title='bbox 218 2515 315 2574; x_wconf 88' lang='lat' dir='ltr'>dicere</span> <span class='ocrx_word' id='word_1_203' title='bbox 340 2533 402 2574; x_wconf 90' lang='lat' dir='ltr'>non</span> <span class='ocrx_word' id='word_1_204' title='bbox 422 2515 537 2573; x_wconf 82' lang='lat' dir='ltr'>attinet.</span> <span class='ocrx_word' id='word_1_205' title='bbox 567 2513 673 2589; x_wconf 89' lang='lat' dir='ltr'>Itaque</span> <span class='ocrx_word' id='word_1_206' title='bbox 702 2514 889 2588; x_wconf 90' lang='lat' dir='ltr'>reposuimus</span> <span class='ocrx_word' id='word_1_207' title='bbox 915 2519 1014 2588; x_wconf 81' lang='lat' dir='ltr'>operta</span> 
     </span>
     <span class='ocr_line' id='line_1_28' title="bbox 60 2591 1012 2674; baseline 0.005 -22"><span class='ocrx_word' id='word_1_208' title='bbox 60 2591 120 2669; x_wconf 80' lang='lat' dir='ltr'>(hoe</span> <span class='ocrx_word' id='word_1_209' title='bbox 134 2601 179 2656; x_wconf 88' lang='lat' dir='ltr'>est</span> <span class='ocrx_word' id='word_1_210' title='bbox 192 2600 263 2674; x_wconf 85' lang='lat' dir='ltr'>opta</span> <span class='ocrx_word' id='word_1_211' title='bbox 276 2615 331 2672; x_wconf 91' lang='lat' dir='ltr'>pro</span> <span class='ocrx_word' id='word_1_212' title='bbox 347 2594 418 2673; x_wconf 67' lang='grc' dir='ltr'>οῑι),</span> <span class='ocrx_word' id='word_1_213' title='bbox 433 2597 584 2673; x_wconf 89' lang='lat' dir='ltr'>potuimus</span> <span class='ocrx_word' id='word_1_214' title='bbox 599 2597 690 2656; x_wconf 89' lang='lat' dir='ltr'>etiam</span> <span class='ocrx_word' id='word_1_215' title='bbox 704 2613 795 2670; x_wconf 80' lang='lat' dir='ltr'>opaco</span> <span class='ocrx_word' id='word_1_216' title='bbox 810 2593 858 2673; x_wconf 88' lang='lat' dir='ltr'>(ut</span> <span class='ocrx_word' id='word_1_217' title='bbox 872 2602 918 2657; x_wconf 88' lang='lat' dir='ltr'>est</span> <span class='ocrx_word' id='word_1_218' title='bbox 931 2619 960 2657; x_wconf 85' lang='grc' dir='ltr'>ι.</span> <span class='ocrx_word' id='word_1_219' title='bbox 969 2596 1012 2674; x_wconf 83' lang='grc'>3),</span> 
     </span>
     <span class='ocr_line' id='line_1_29' title="bbox 58 2680 1014 2757; baseline 0.004 -21"><span class='ocrx_word' id='word_1_220' title='bbox 58 2680 130 2752; x_wconf 90' lang='lat' dir='ltr'>quod</span> <span class='ocrx_word' id='word_1_221' title='bbox 144 2682 252 2740; x_wconf 88' lang='lat' dir='ltr'>omissa</span> <span class='ocrx_word' id='word_1_222' title='bbox 262 2681 370 2740; x_wconf 89' lang='lat' dir='ltr'>ultima</span> <span class='ocrx_word' id='word_1_223' title='bbox 384 2681 499 2757; x_wconf 85' lang='lat' dir='ltr'>syllaba</span> <span class='ocrx_word' id='word_1_224' title='bbox 513 2684 544 2740; x_wconf 87' lang='lat' dir='ltr'>et</span> <span class='ocrx_word' id='word_1_225' title='bbox 557 2682 658 2757; x_wconf 90' lang='lat' dir='ltr'>ipsum</span> <span class='ocrx_word' id='word_1_226' title='bbox 672 2680 758 2740; x_wconf 85' lang='lat' dir='ltr'>facile</span> <span class='ocrx_word' id='word_1_227' title='bbox 773 2681 872 2757; x_wconf 87' lang='lat' dir='ltr'>potuit</span> <span class='ocrx_word' id='word_1_228' title='bbox 886 2682 967 2740; x_wconf 90' lang='lat' dir='ltr'>abire</span> <span class='ocrx_word' id='word_1_229' title='bbox 981 2683 1014 2740; x_wconf 89' lang='lat' dir='ltr'>iu</span> 
     </span>
     <span class='ocr_line' id='line_1_30' title="bbox 58 2779 157 2824; baseline 0.02 -2"><span class='ocrx_word' id='word_1_230' title='bbox 58 2779 157 2824; x_wconf 77' lang='lat' dir='ltr'>comm</span> 
     </span>
    </p>

    <p class='ocr_par' dir='ltr' id='par_1_6' title="bbox 10 2846 1014 3508">
     <span class='ocr_line' id='line_1_31' title="bbox 117 2846 1012 2924; baseline -0.003 -18"><span class='ocrx_word' id='word_1_231' title='bbox 117 2846 255 2907; x_wconf 81' lang='lat' dir='ltr'>Ceterum</span> <span class='ocrx_word' id='word_1_232' title='bbox 270 2869 305 2908; x_wconf 83' lang='lat' dir='ltr'>ex</span> <span class='ocrx_word' id='word_1_233' title='bbox 320 2849 365 2909; x_wconf 87' lang='lat' dir='ltr'>bis</span> <span class='ocrx_word' id='word_1_234' title='bbox 381 2853 513 2924; x_wconf 86' lang='lat' dir='ltr'>apparet,</span> <span class='ocrx_word' id='word_1_235' title='bbox 528 2867 619 2924; x_wconf 89' lang='lat' dir='ltr'>quam</span> <span class='ocrx_word' id='word_1_236' title='bbox 633 2849 674 2907; x_wconf 85' lang='lat' dir='ltr'>sit</span> <span class='ocrx_word' id='word_1_237' title='bbox 688 2867 705 2906; x_wconf 90' lang='lat' dir='ltr'>a</span> <span class='ocrx_word' id='word_1_238' title='bbox 718 2848 928 2922; x_wconf 83' lang='lat' dir='ltr'>probabilitate</span> <span class='ocrx_word' id='word_1_239' title='bbox 943 2846 1012 2904; x_wconf 88' lang='lat' dir='ltr'>alia-</span> 
     </span>
     <span class='ocr_line' id='line_1_32' title="bbox 58 2931 1014 3008; baseline 0.004 -22"><span class='ocrx_word' id='word_1_240' title='bbox 58 2947 132 3004; x_wconf 88' lang='lat' dir='ltr'>num,</span> <span class='ocrx_word' id='word_1_241' title='bbox 153 2933 233 3008; x_wconf 92' lang='lat' dir='ltr'>quod</span> <span class='ocrx_word' id='word_1_242' title='bbox 253 2933 458 2992; x_wconf 89' lang='lat' dir='ltr'>Lachmannus</span> <span class='ocrx_word' id='word_1_243' title='bbox 473 2952 501 2991; x_wconf 89' lang='lat' dir='ltr'>v.</span> <span class='ocrx_word' id='word_1_244' title='bbox 518 2935 557 2990; x_wconf 76' lang='lat'>75</span> <span class='ocrx_word' id='word_1_245' title='bbox 579 2931 767 2991; x_wconf 86' lang='lat' dir='ltr'>scribendum</span> <span class='ocrx_word' id='word_1_246' title='bbox 788 2948 852 2988; x_wconf 86' lang='lat' dir='ltr'>esse</span> <span class='ocrx_word' id='word_1_247' title='bbox 866 2932 1014 3004; x_wconf 86' lang='lat' dir='ltr'>persuasit</span> 
     </span>
     <span class='ocr_line' id='line_1_33' title="bbox 10 3012 1012 3092; baseline -0.001 -20"><span class='ocrx_word' id='word_1_248' title='bbox 10 3033 11 3036; x_wconf 44' lang='lat'>¹</span> <span class='ocrx_word' id='word_1_249' title='bbox 58 3014 199 3090; x_wconf 88' lang='lat' dir='ltr'>plerisque</span> <span class='ocrx_word' id='word_1_250' title='bbox 217 3019 351 3092; x_wconf 77' lang='lat' dir='ltr'>pernices</span> <span class='ocrx_word' id='word_1_251' title='bbox 365 3019 469 3076; x_wconf 80' lang='lat' dir='ltr'>matris</span> <span class='ocrx_word' id='word_1_252' title='bbox 483 3016 523 3074; x_wconf 84' lang='lat' dir='ltr'>ad</span> <span class='ocrx_word' id='word_1_253' title='bbox 537 3032 632 3082; x_wconf 79' lang='lat' dir='ltr'>ocrea,</span> <span class='ocrx_word' id='word_1_254' title='bbox 654 3015 705 3088; x_wconf 91' lang='lat' dir='ltr'>qui</span> <span class='ocrx_word' id='word_1_255' title='bbox 721 3012 840 3086; x_wconf 90' lang='lat' dir='ltr'>quidem</span> <span class='ocrx_word' id='word_1_256' title='bbox 855 3031 908 3071; x_wconf 91' lang='lat' dir='ltr'>cur</span> <span class='ocrx_word' id='word_1_257' title='bbox 922 3015 1012 3072; x_wconf 84' lang='lat' dir='ltr'>tradi-</span> 
     </span>
     <span class='ocr_line' id='line_1_34' title="bbox 10 3097 1013 3176; baseline 0.001 -22"><span class='ocrx_word' id='word_1_258' title='bbox 10 3161 13 3164; x_wconf 19' lang='lat'>⁵</span> <span class='ocrx_word' id='word_1_259' title='bbox 58 3099 113 3154; x_wconf 87' lang='lat' dir='ltr'>tam</span> <span class='ocrx_word' id='word_1_260' title='bbox 132 3101 311 3174; x_wconf 83' lang='lat' dir='ltr'>scripturam</span> <span class='ocrx_word' id='word_1_261' title='bbox 334 3103 468 3176; x_wconf 72' lang='lat' dir='ltr'>pominus</span> <span class='ocrx_word' id='word_1_262' title='bbox 494 3099 613 3156; x_wconf 78' lang='lat' dir='ltr'>deorum</span> <span class='ocrx_word' id='word_1_263' title='bbox 633 3097 672 3155; x_wconf 81' lang='lat' dir='ltr'>od</span> <span class='ocrx_word' id='word_1_264' title='bbox 692 3111 778 3156; x_wconf 83' lang='lat' dir='ltr'>acres</span> <span class='ocrx_word' id='word_1_265' title='bbox 797 3097 1013 3172; x_wconf 86' lang='lat' dir='ltr'>ineptissimam</span> 
     </span>
     <span class='ocr_line' id='line_1_35' title="bbox 60 3180 1014 3257; baseline 0.001 -21"><span class='ocrx_word' id='word_1_266' title='bbox 60 3181 172 3254; x_wconf 84' lang='lat' dir='ltr'>vocarit,</span> <span class='ocrx_word' id='word_1_267' title='bbox 189 3183 328 3257; x_wconf 89' lang='lat' dir='ltr'>equidem</span> <span class='ocrx_word' id='word_1_268' title='bbox 342 3184 394 3241; x_wconf 92' lang='lat' dir='ltr'>diu</span> <span class='ocrx_word' id='word_1_269' title='bbox 415 3181 575 3242; x_wconf 85' lang='lat' dir='ltr'>meditatus</span> <span class='ocrx_word' id='word_1_270' title='bbox 591 3180 722 3256; x_wconf 89' lang='lat' dir='ltr'>reperire</span> <span class='ocrx_word' id='word_1_271' title='bbox 737 3198 797 3240; x_wconf 92' lang='lat' dir='ltr'>non</span> <span class='ocrx_word' id='word_1_272' title='bbox 811 3182 905 3256; x_wconf 89' lang='lat' dir='ltr'>potui.</span> <span class='ocrx_word' id='word_1_273' title='bbox 936 3182 1014 3238; x_wconf 88' lang='lat' dir='ltr'>Nam</span> 
     </span>
     <span class='ocr_line' id='line_1_36' title="bbox 58 3261 1012 3342; baseline 0.001 -22"><span class='ocrx_word' id='word_1_274' title='bbox 58 3261 125 3323; x_wconf 89' lang='lat' dir='ltr'>illud</span> <span class='ocrx_word' id='word_1_275' title='bbox 137 3269 273 3342; x_wconf 76' lang='lat' dir='ltr'>peruiride</span> <span class='ocrx_word' id='word_1_276' title='bbox 287 3285 373 3327; x_wconf 78' lang='lat' dir='ltr'>acres</span> <span class='ocrx_word' id='word_1_277' title='bbox 388 3285 454 3325; x_wconf 90' lang='lat' dir='ltr'>cum</span> <span class='ocrx_word' id='word_1_278' title='bbox 469 3265 615 3324; x_wconf 87' lang='lat' dir='ltr'>formulae</span> <span class='ocrx_word' id='word_1_279' title='bbox 631 3266 670 3323; x_wconf 91' lang='lat' dir='ltr'>sit</span> <span class='ocrx_word' id='word_1_280' title='bbox 683 3265 787 3336; x_wconf 88' lang='lat' dir='ltr'>instar,</span> <span class='ocrx_word' id='word_1_281' title='bbox 803 3266 880 3324; x_wconf 89' lang='lat' dir='ltr'>nihil</span> <span class='ocrx_word' id='word_1_282' title='bbox 893 3265 1012 3334; x_wconf 90' lang='lat' dir='ltr'>habere,</span> 
     </span>
     <span class='ocr_line' id='line_1_37' title="bbox 59 3346 1013 3425; baseline 0 -21"><span class='ocrx_word' id='word_1_283' title='bbox 59 3350 129 3420; x_wconf 91' lang='lat' dir='ltr'>quod</span> <span class='ocrx_word' id='word_1_284' title='bbox 143 3351 281 3425; x_wconf 88' lang='lat' dir='ltr'>ineptum</span> <span class='ocrx_word' id='word_1_285' title='bbox 296 3351 344 3422; x_wconf 86' lang='lat' dir='ltr'>sit,</span> <span class='ocrx_word' id='word_1_286' title='bbox 360 3351 439 3409; x_wconf 89' lang='lat' dir='ltr'>ultro</span> <span class='ocrx_word' id='word_1_287' title='bbox 455 3350 617 3408; x_wconf 90' lang='lat' dir='ltr'>concedent</span> <span class='ocrx_word' id='word_1_288' title='bbox 631 3367 742 3408; x_wconf 89' lang='lat' dir='ltr'>omnes.</span> <span class='ocrx_word' id='word_1_289' title='bbox 764 3349 857 3406; x_wconf 87' lang='lat' dir='ltr'>Porro</span> <span class='ocrx_word' id='word_1_290' title='bbox 872 3346 945 3420; x_wconf 90' lang='lat' dir='ltr'>quid</span> <span class='ocrx_word' id='word_1_291' title='bbox 959 3347 1013 3404; x_wconf 90' lang='lat' dir='ltr'>mi-</span> 
     </span>
     <span class='ocr_line' id='line_1_38' title="bbox 58 3431 1014 3508; baseline -0.007 -18"><span class='ocrx_word' id='word_1_292' title='bbox 58 3448 118 3490; x_wconf 81' lang='lat' dir='ltr'>rum</span> <span class='ocrx_word' id='word_1_293' title='bbox 137 3434 219 3492; x_wconf 84' lang='lat' dir='ltr'>Attis</span> <span class='ocrx_word' id='word_1_294' title='bbox 240 3435 369 3508; x_wconf 88' lang='lat' dir='ltr'>querelis</span> <span class='ocrx_word' id='word_1_295' title='bbox 390 3435 495 3491; x_wconf 87' lang='lat' dir='ltr'>adlatis</span> <span class='ocrx_word' id='word_1_296' title='bbox 521 3433 558 3490; x_wconf 88' lang='lat' dir='ltr'>ad</span> <span class='ocrx_word' id='word_1_297' title='bbox 578 3433 701 3490; x_wconf 89' lang='lat' dir='ltr'>deorum</span> <span class='ocrx_word' id='word_1_298' title='bbox 729 3451 814 3488; x_wconf 88' lang='lat' dir='ltr'>eures</span> <span class='ocrx_word' id='word_1_299' title='bbox 835 3431 952 3487; x_wconf 88' lang='lat' dir='ltr'>nullum</span> <span class='ocrx_word' id='word_1_300' title='bbox 978 3447 1014 3483; x_wconf 83' lang='lat' dir='ltr'>ex</span> 
     </span>
    </p>

    <p class='ocr_par' dir='ltr' id='par_1_7' title="bbox 58 3511 1015 3592">
     <span class='ocr_line' id='line_1_39' title="bbox 58 3511 1015 3592; baseline -0.007 -18"><span class='ocrx_word' id='word_1_301' title='bbox 58 3511 97 3574; x_wconf 83' lang='lat' dir='ltr'>his</span> <span class='ocrx_word' id='word_1_302' title='bbox 116 3519 237 3592; x_wconf 79' lang='lat' dir='ltr'>gravius</span> <span class='ocrx_word' id='word_1_303' title='bbox 259 3519 439 3576; x_wconf 84' lang='lat' dir='ltr'>commoveri</span> <span class='ocrx_word' id='word_1_304' title='bbox 458 3519 522 3576; x_wconf 88' lang='lat' dir='ltr'>eius</span> <span class='ocrx_word' id='word_1_305' title='bbox 544 3517 644 3586; x_wconf 88' lang='lat' dir='ltr'>dictis,</span> <span class='ocrx_word' id='word_1_306' title='bbox 666 3515 723 3573; x_wconf 88' lang='lat' dir='ltr'>nisi</span> <span class='ocrx_word' id='word_1_307' title='bbox 744 3515 851 3582; x_wconf 86' lang='lat' dir='ltr'>solam,</span> <span class='ocrx_word' id='word_1_308' title='bbox 874 3511 1015 3580; x_wconf 84' lang='lat' dir='ltr'>adquam</span> 
     </span>
    </p>
   </div>
   <div class='ocr_carea' id='block_1_4' title="bbox 102 3637 812 3687">
    <p class='ocr_par' dir='ltr' id='par_1_8' title="bbox 102 3637 812 3687">
     <span class='ocr_line' id='line_1_40' title="bbox 102 3637 812 3687; baseline 0 0"><span class='ocrx_word' id='word_1_309' title='bbox 102 3655 221 3687; x_wconf 75' lang='lat' dir='ltr'>carumve</span> <span class='ocrx_word' id='word_1_310' title='bbox 797 3637 812 3672; x_wconf 79' lang='lat'><strong>⁰</strong></span> 
     </span>
    </p>
   </div>
   <div class='ocr_carea' id='block_1_5' title="bbox 0 0 1232 4056">
    <p class='ocr_par' dir='ltr' id='par_1_9' title="bbox 0 0 1232 4056">
     <span class='ocr_line' id='line_1_41' title="bbox 0 0 1232 4056; baseline 0 0"><span class='ocrx_word' id='word_1_311' title='bbox 0 0 1232 4056; x_wconf 95' lang='lat' dir='ltr'> </span> 
     </span>
    </p>
   </div>
  </div>
 </body>
</html>
