<?xml version="1.0" encoding="UTF-8"?>
<!DOCTYPE html PUBLIC "-//W3C//DTD XHTML 1.0 Transitional//EN"
    "http://www.w3.org/TR/xhtml1/DTD/xhtml1-transitional.dtd">
<html xmlns="http://www.w3.org/1999/xhtml" xml:lang="en" lang="en">
 <head>
  <title>
</title>
<meta http-equiv="Content-Type" content="text/html;charset=utf-8" />
  <meta name='ocr-system' content='tesseract 3.04.00' />
  <meta name='ocr-capabilities' content='ocr_page ocr_carea ocr_par ocr_line ocrx_word'/>
</head>
<body>
  <div class='ocr_page' id='page_1' title='image "./catvllitibvllip00priagoog_0392.png"; bbox 0 0 2476 4018; ppageno 0'>
   <div class='ocr_carea' id='block_1_1' title="bbox 190 194 1174 274">
    <p class='ocr_par' dir='ltr' id='par_1_1' title="bbox 190 194 1174 274">
     <span class='ocr_line' id='line_1_1' title="bbox 190 194 1174 274; baseline 0.007 -21"><span class='ocrx_word' id='word_1_1' title='bbox 190 197 213 262; x_wconf 90' lang='lat'>4</span> <span class='ocrx_word' id='word_1_2' title='bbox 587 200 783 256; x_wconf 79' lang='lat' dir='ltr'>Paoeuaru</span> <span class='ocrx_word' id='word_1_3' title='bbox 926 194 928 196; x_wconf 76' lang='grc'><em>·</em></span> <span class='ocrx_word' id='word_1_4' title='bbox 1107 201 1174 274; x_wconf 84' lang='lat' dir='ltr'>[m</span> 
     </span>
    </p>
   </div>
   <div class='ocr_carea' id='block_1_2' title="bbox 191 363 1089 532">
    <p class='ocr_par' dir='ltr' id='par_1_2' title="bbox 191 363 1089 532">
     <span class='ocr_line' id='line_1_2' title="bbox 191 363 1089 448; baseline -0.001 -19"><span class='ocrx_word' id='word_1_5' title='bbox 191 438 196 446; x_wconf 27' lang='lat'>¹</span> <span class='ocrx_word' id='word_1_6' title='bbox 297 363 393 430; x_wconf 90' lang='lat' dir='ltr'>Nunc</span> <span class='ocrx_word' id='word_1_7' title='bbox 414 363 533 428; x_wconf 84' lang='lat' dir='ltr'>furtiva</span> <span class='ocrx_word' id='word_1_8' title='bbox 555 364 640 428; x_wconf 87' lang='lat' dir='ltr'>cavis</span> <span class='ocrx_word' id='word_1_9' title='bbox 662 383 757 447; x_wconf 88' lang='lat' dir='ltr'>poma</span> <span class='ocrx_word' id='word_1_10' title='bbox 779 363 893 427; x_wconf 89' lang='lat' dir='ltr'>dabam</span> <span class='ocrx_word' id='word_1_11' title='bbox 914 363 1089 448; x_wconf 87' lang='lat' dir='ltr'>manibus,-</span> 
     </span>
     <span class='ocr_line' id='line_1_3' title="bbox 205 447 1045 532; baseline -0.001 -20"><span class='ocrx_word' id='word_1_12' title='bbox 205 461 239 512; x_wconf 79' lang='lat' dir='ltr'>ao</span> <span class='ocrx_word' id='word_1_13' title='bbox 255 449 432 532; x_wconf 81' lang='lat' dir='ltr'>Omniaque</span> <span class='ocrx_word' id='word_1_14' title='bbox 454 449 582 532; x_wconf 79' lang='lat' dir='ltr'>ingrato</span> <span class='ocrx_word' id='word_1_15' title='bbox 604 447 746 532; x_wconf 84' lang='lat' dir='ltr'>largibar</span> <span class='ocrx_word' id='word_1_16' title='bbox 766 469 900 512; x_wconf 86' lang='lat' dir='ltr'>munera</span> <span class='ocrx_word' id='word_1_17' title='bbox 921 470 1045 531; x_wconf 89' lang='lat' dir='ltr'>somno,</span> 
     </span>
    </p>
   </div>
   <div class='ocr_carea' id='block_1_3' title="bbox 206 532 1170 2285">
    <p class='ocr_par' dir='ltr' id='par_1_3' title="bbox 206 532 1170 2285">
     <span class='ocr_line' id='line_1_4' title="bbox 296 532 971 616; baseline -0.006 -18"><span class='ocrx_word' id='word_1_18' title='bbox 296 533 432 599; x_wconf 84' lang='lat' dir='ltr'>Munera</span> <span class='ocrx_word' id='word_1_19' title='bbox 453 532 491 596; x_wconf 92' lang='lat' dir='ltr'>de</span> <span class='ocrx_word' id='word_1_20' title='bbox 513 553 616 616; x_wconf 85' lang='lat' dir='ltr'>prono</span> <span class='ocrx_word' id='word_1_21' title='bbox 638 553 732 615; x_wconf 85' lang='lat' dir='ltr'>saepe</span> <span class='ocrx_word' id='word_1_22' title='bbox 753 532 863 596; x_wconf 85' lang='lat' dir='ltr'>voluta</span> <span class='ocrx_word' id='word_1_23' title='bbox 884 532 971 616; x_wconf 80' lang='lat' dir='ltr'>sinu3</span> 
     </span>
     <span class='ocr_line' id='line_1_5' title="bbox 255 616 953 701; baseline -0.004 -19"><span class='ocrx_word' id='word_1_24' title='bbox 255 617 300 682; x_wconf 78' lang='lat' dir='ltr'>nt</span> <span class='ocrx_word' id='word_1_25' title='bbox 321 617 468 701; x_wconf 87' lang='lat' dir='ltr'>quotiens</span> <span class='ocrx_word' id='word_1_26' title='bbox 489 637 561 682; x_wconf 85' lang='lat' dir='ltr'>raro</span> <span class='ocrx_word' id='word_1_27' title='bbox 584 616 674 680; x_wconf 82' lang='lat' dir='ltr'>duxti</span> <span class='ocrx_word' id='word_1_28' title='bbox 696 616 833 699; x_wconf 89' lang='lat' dir='ltr'>suspiria</span> <span class='ocrx_word' id='word_1_29' title='bbox 853 618 953 700; x_wconf 87' lang='lat' dir='ltr'>motu,</span> 
     </span>
     <span class='ocr_line' id='line_1_6' title="bbox 206 699 906 784; baseline -0.006 -16"><span class='ocrx_word' id='word_1_30' title='bbox 206 751 208 758; x_wconf 70' lang='lat'>,</span> <span class='ocrx_word' id='word_1_31' title='bbox 299 701 459 784; x_wconf 73' lang='lat' dir='ltr'><strong>Obstupui</strong></span> <span class='ocrx_word' id='word_1_32' title='bbox 479 722 562 765; x_wconf 87' lang='lat' dir='ltr'>vano</span> <span class='ocrx_word' id='word_1_33' title='bbox 584 699 730 764; x_wconf 86' lang='lat' dir='ltr'>credulus</span> <span class='ocrx_word' id='word_1_34' title='bbox 753 699 906 784; x_wconf 85' lang='lat' dir='ltr'>auspicio,</span> 
     </span>
     <span class='ocr_line' id='line_1_7' title="bbox 255 783 1059 870; baseline -0.001 -19"><span class='ocrx_word' id='word_1_35' title='bbox 255 785 306 852; x_wconf 89' lang='lat' dir='ltr'>Ne</span> <span class='ocrx_word' id='word_1_36' title='bbox 329 809 370 850; x_wconf 87' lang='lat' dir='ltr'>ua</span> <span class='ocrx_word' id='word_1_37' title='bbox 390 785 450 849; x_wconf 88' lang='lat' dir='ltr'>tibi</span> <span class='ocrx_word' id='word_1_38' title='bbox 471 785 619 849; x_wconf 87' lang='lat' dir='ltr'>insolitos</span> <span class='ocrx_word' id='word_1_39' title='bbox 641 787 807 868; x_wconf 86' lang='lat' dir='ltr'>portarent</span> <span class='ocrx_word' id='word_1_40' title='bbox 826 783 895 850; x_wconf 82' lang='lat' dir='ltr'>visa</span> <span class='ocrx_word' id='word_1_41' title='bbox 915 785 1059 870; x_wconf 88' lang='lat' dir='ltr'>timores,</span> 
     </span>
     <span class='ocr_line' id='line_1_8' title="bbox 207 869 1003 953; baseline 0 -20"><span class='ocrx_word' id='word_1_42' title='bbox 207 883 242 933; x_wconf 77' lang='lat'>80</span> <span class='ocrx_word' id='word_1_43' title='bbox 331 891 387 934; x_wconf 88' lang='lat' dir='ltr'>eve</span> <span class='ocrx_word' id='word_1_44' title='bbox 409 869 479 953; x_wconf 86' lang='lat' dir='ltr'>quis</span> <span class='ocrx_word' id='word_1_45' title='bbox 500 869 636 934; x_wconf 82' lang='lat' dir='ltr'>invitem</span> <span class='ocrx_word' id='word_1_46' title='bbox 658 872 787 953; x_wconf 86' lang='lat' dir='ltr'>cogeret</span> <span class='ocrx_word' id='word_1_47' title='bbox 808 890 876 932; x_wconf 87' lang='lat' dir='ltr'>esse</span> <span class='ocrx_word' id='word_1_48' title='bbox 898 891 1003 934; x_wconf 86' lang='lat' dir='ltr'>suam:</span> 
     </span>
     <span class='ocr_line' id='line_1_9' title="bbox 256 953 1027 1037; baseline -0.001 -18"><span class='ocrx_word' id='word_1_49' title='bbox 256 954 369 1020; x_wconf 90' lang='lat' dir='ltr'>Donec</span> <span class='ocrx_word' id='word_1_50' title='bbox 391 954 531 1018; x_wconf 88' lang='lat' dir='ltr'>diversas</span> <span class='ocrx_word' id='word_1_51' title='bbox 552 975 739 1037; x_wconf 86' lang='lat' dir='ltr'>percurrens</span> <span class='ocrx_word' id='word_1_52' title='bbox 761 953 838 1018; x_wconf 91' lang='lat' dir='ltr'>luna</span> <span class='ocrx_word' id='word_1_53' title='bbox 858 953 1027 1037; x_wconf 74' lang='lat' dir='ltr'>fenestrae,</span> 
     </span>
     <span class='ocr_line' id='line_1_10' title="bbox 298 1037 916 1122; baseline 0 -20"><span class='ocrx_word' id='word_1_54' title='bbox 298 1038 390 1102; x_wconf 89' lang='lat' dir='ltr'>Luna</span> <span class='ocrx_word' id='word_1_55' title='bbox 410 1041 578 1102; x_wconf 85' lang='lat' dir='ltr'>moraturis</span> <span class='ocrx_word' id='word_1_56' title='bbox 600 1037 710 1102; x_wconf 89' lang='lat' dir='ltr'>sedula</span> <span class='ocrx_word' id='word_1_57' title='bbox 731 1037 916 1122; x_wconf 83' lang='lat' dir='ltr'>luminibus,</span> 
     </span>
     <span class='ocr_line' id='line_1_11' title="bbox 257 1121 1037 1206; baseline -0.003 -16"><span class='ocrx_word' id='word_1_58' title='bbox 257 1121 452 1206; x_wconf 80' lang='lat' dir='ltr'>Conpositos</span> <span class='ocrx_word' id='word_1_59' title='bbox 473 1121 596 1188; x_wconf 84' lang='lat' dir='ltr'>levibus</span> <span class='ocrx_word' id='word_1_60' title='bbox 617 1121 714 1186; x_wconf 86' lang='lat' dir='ltr'>radiis</span> <span class='ocrx_word' id='word_1_61' title='bbox 736 1123 887 1206; x_wconf 74' lang='lat' dir='ltr'>patefecit</span> <span class='ocrx_word' id='word_1_62' title='bbox 908 1123 1037 1188; x_wconf 81' lang='lat' dir='ltr'>ocellos.</span> 
     </span>
     <span class='ocr_line' id='line_1_12' title="bbox 299 1205 941 1272; baseline 0.002 -2"><span class='ocrx_word' id='word_1_63' title='bbox 299 1205 352 1270; x_wconf 84' lang='lat' dir='ltr'>Sic</span> <span class='ocrx_word' id='word_1_64' title='bbox 374 1207 420 1268; x_wconf 85' lang='lat' dir='ltr'>ait</span> <span class='ocrx_word' id='word_1_65' title='bbox 440 1206 476 1270; x_wconf 94' lang='lat' dir='ltr'>in</span> <span class='ocrx_word' id='word_1_66' title='bbox 496 1206 587 1270; x_wconf 91' lang='lat' dir='ltr'>molli</span> <span class='ocrx_word' id='word_1_67' title='bbox 607 1205 670 1270; x_wconf 80' lang='lat' dir='ltr'>fixa</span> <span class='ocrx_word' id='word_1_68' title='bbox 691 1210 762 1270; x_wconf 86' lang='lat' dir='ltr'>toro</span> <span class='ocrx_word' id='word_1_69' title='bbox 786 1206 941 1272; x_wconf 82' lang='lat' dir='ltr'>cubitum:</span> 
     </span>
     <span class='ocr_line' id='line_1_13' title="bbox 208 1287 1006 1357; baseline 0.005 -5"><span class='ocrx_word' id='word_1_70' title='bbox 208 1302 241 1352; x_wconf 79' lang='lat' dir='ltr'>ao</span> <span class='ocrx_word' id='word_1_71' title='bbox 257 1287 418 1357; x_wconf 72' lang='lat' dir='ltr'>‘Tandem</span> <span class='ocrx_word' id='word_1_72' title='bbox 438 1293 471 1353; x_wconf 88' lang='lat' dir='ltr'>te</span> <span class='ocrx_word' id='word_1_73' title='bbox 492 1293 603 1355; x_wconf 81' lang='lat' dir='ltr'>nostro</span> <span class='ocrx_word' id='word_1_74' title='bbox 625 1291 766 1355; x_wconf 87' lang='lat' dir='ltr'>referens</span> <span class='ocrx_word' id='word_1_75' title='bbox 787 1291 903 1355; x_wconf 83' lang='lat' dir='ltr'>iniuria</span> <span class='ocrx_word' id='word_1_76' title='bbox 923 1291 1006 1356; x_wconf 91' lang='lat' dir='ltr'>lecto</span> 
     </span>
     <span class='ocr_line' id='line_1_14' title="bbox 298 1373 926 1457; baseline 0.003 -19"><span class='ocrx_word' id='word_1_77' title='bbox 298 1373 442 1438; x_wconf 81' lang='lat' dir='ltr'>Alterius</span> <span class='ocrx_word' id='word_1_78' title='bbox 464 1373 579 1438; x_wconf 88' lang='lat' dir='ltr'>clausis</span> <span class='ocrx_word' id='word_1_79' title='bbox 600 1374 723 1457; x_wconf 85' lang='lat' dir='ltr'>expulit</span> <span class='ocrx_word' id='word_1_80' title='bbox 743 1397 761 1438; x_wconf 88' lang='lat' dir='ltr'>e</span> <span class='ocrx_word' id='word_1_81' title='bbox 782 1375 926 1440; x_wconf 82' lang='lat' dir='ltr'>foribus?</span> 
     </span>
     <span class='ocr_line' id='line_1_15' title="bbox 256 1458 1168 1548; baseline 0.003 -24"><span class='ocrx_word' id='word_1_82' title='bbox 256 1458 403 1543; x_wconf 90' lang='lat' dir='ltr'>Namque</span> <span class='ocrx_word' id='word_1_83' title='bbox 412 1458 467 1522; x_wconf 93' lang='lat' dir='ltr'>ubi</span> <span class='ocrx_word' id='word_1_84' title='bbox 474 1458 670 1544; x_wconf 84' lang='lat' dir='ltr'>longameae</span> <span class='ocrx_word' id='word_1_85' title='bbox 678 1461 876 1543; x_wconf 88' lang='lat' dir='ltr'>consumpsti</span> <span class='ocrx_word' id='word_1_86' title='bbox 886 1464 1031 1544; x_wconf 86' lang='lat' dir='ltr'>tempora</span> <span class='ocrx_word' id='word_1_87' title='bbox 1041 1463 1168 1548; x_wconf 87' lang='lat' dir='ltr'>noctis,</span> 
     </span>
     <span class='ocr_line' id='line_1_16' title="bbox 299 1541 998 1628; baseline 0 -20"><span class='ocrx_word' id='word_1_88' title='bbox 299 1543 483 1628; x_wconf 82' lang='lat' dir='ltr'>Languidus</span> <span class='ocrx_word' id='word_1_89' title='bbox 505 1544 634 1625; x_wconf 81' lang='lat' dir='ltr'>exactis,</span> <span class='ocrx_word' id='word_1_90' title='bbox 657 1541 687 1608; x_wconf 91' lang='lat' dir='ltr'>ei</span> <span class='ocrx_word' id='word_1_91' title='bbox 707 1543 798 1622; x_wconf 90' lang='lat' dir='ltr'>mihi,</span> <span class='ocrx_word' id='word_1_92' title='bbox 821 1544 998 1608; x_wconf 71' lang='lat' dir='ltr'>sideribus?</span> 
     </span>
     <span class='ocr_line' id='line_1_17' title="bbox 258 1627 1023 1713; baseline 0 -19"><span class='ocrx_word' id='word_1_93' title='bbox 258 1629 285 1694; x_wconf 95' lang='lat'>0</span> <span class='ocrx_word' id='word_1_94' title='bbox 307 1629 429 1692; x_wconf 90' lang='lat' dir='ltr'>utinam</span> <span class='ocrx_word' id='word_1_95' title='bbox 449 1627 530 1692; x_wconf 87' lang='lat' dir='ltr'>tales</span> <span class='ocrx_word' id='word_1_96' title='bbox 552 1627 716 1712; x_wconf 85' lang='lat' dir='ltr'>producas,</span> <span class='ocrx_word' id='word_1_97' title='bbox 737 1627 881 1711; x_wconf 90' lang='lat' dir='ltr'>inprobe,</span> <span class='ocrx_word' id='word_1_98' title='bbox 902 1633 1023 1713; x_wconf 87' lang='lat' dir='ltr'>noctes,</span> 
     </span>
     <span class='ocr_line' id='line_1_18' title="bbox 208 1711 1064 1796; baseline 0.004 -20"><span class='ocrx_word' id='word_1_99' title='bbox 208 1726 243 1776; x_wconf 80' lang='lat'>40</span> <span class='ocrx_word' id='word_1_100' title='bbox 298 1712 352 1776; x_wconf 90' lang='lat' dir='ltr'>Me</span> <span class='ocrx_word' id='word_1_101' title='bbox 374 1713 522 1777; x_wconf 89' lang='lat' dir='ltr'>miseram</span> <span class='ocrx_word' id='word_1_102' title='bbox 544 1713 654 1796; x_wconf 88' lang='lat' dir='ltr'>quales</span> <span class='ocrx_word' id='word_1_103' title='bbox 674 1734 742 1778; x_wconf 91' lang='lat' dir='ltr'>sem</span> <span class='ocrx_word' id='word_1_104' title='bbox 765 1734 799 1776; x_wconf 89' lang='lat' dir='ltr'>er</span> <span class='ocrx_word' id='word_1_105' title='bbox 820 1711 937 1777; x_wconf 90' lang='lat' dir='ltr'>habere</span> <span class='ocrx_word' id='word_1_106' title='bbox 958 1714 1064 1780; x_wconf 82' lang='lat' dir='ltr'>iubes!</span> 
     </span>
     <span class='ocr_line' id='line_1_19' title="bbox 257 1735 1170 1888; baseline 0.002 -26"><span class='ocrx_word' id='word_1_107' title='bbox 257 1796 342 1863; x_wconf 91' lang='lat' dir='ltr'>Nam</span> <span class='ocrx_word' id='word_1_108' title='bbox 368 1797 463 1861; x_wconf 92' lang='lat' dir='ltr'>modo</span> <span class='ocrx_word' id='word_1_109' title='bbox 490 1817 649 1882; x_wconf 88' lang='lat' dir='ltr'>purpureo</span> <span class='ocrx_word' id='word_1_110' title='bbox 669 1735 819 1861; x_wconf 75' lang='lat' dir='ltr'>fallebam</span> <span class='ocrx_word' id='word_1_111' title='bbox 841 1798 976 1862; x_wconf 87' lang='lat' dir='ltr'>stamine</span> <span class='ocrx_word' id='word_1_112' title='bbox 998 1820 1170 1888; x_wconf 89' lang='lat' dir='ltr'>somnum,</span> 
     </span>
     <span class='ocr_line' id='line_1_20' title="bbox 299 1880 1032 1966; baseline 0.003 -21"><span class='ocrx_word' id='word_1_113' title='bbox 299 1882 421 1946; x_wconf 76' lang='lat' dir='ltr'>Rursus</span> <span class='ocrx_word' id='word_1_114' title='bbox 442 1884 475 1945; x_wconf 89' lang='lat' dir='ltr'>et</span> <span class='ocrx_word' id='word_1_115' title='bbox 497 1880 643 1965; x_wconf 87' lang='lat' dir='ltr'>Orpheae</span> <span class='ocrx_word' id='word_1_116' title='bbox 665 1881 804 1945; x_wconf 87' lang='lat' dir='ltr'>carmine</span> <span class='ocrx_word' id='word_1_117' title='bbox 824 1881 910 1946; x_wconf 88' lang='lat' dir='ltr'>fessa</span> <span class='ocrx_word' id='word_1_118' title='bbox 930 1882 1032 1966; x_wconf 85' lang='lat' dir='ltr'>lyrae:</span> 
     </span>
     <span class='ocr_line' id='line_1_21' title="bbox 236 1965 1001 2050; baseline 0.001 -20"><span class='ocrx_word' id='word_1_119' title='bbox 236 1965 400 2032; x_wconf 87' lang='lat' dir='ltr'>Interdum</span> <span class='ocrx_word' id='word_1_120' title='bbox 421 1966 535 2030; x_wconf 86' lang='lat' dir='ltr'>leviter</span> <span class='ocrx_word' id='word_1_121' title='bbox 554 1987 679 2030; x_wconf 90' lang='lat' dir='ltr'>mecum</span> <span class='ocrx_word' id='word_1_122' title='bbox 700 1965 826 2030; x_wconf 86' lang='lat' dir='ltr'>deserta</span> <span class='ocrx_word' id='word_1_123' title='bbox 847 1967 1001 2050; x_wconf 84' lang='lat' dir='ltr'>querebar</span> 
     </span>
     <span class='ocr_line' id='line_1_22' title="bbox 298 2049 1016 2135; baseline 0.003 -21"><span class='ocrx_word' id='word_1_124' title='bbox 298 2049 441 2114; x_wconf 78' lang='lat' dir='ltr'>Externa</span> <span class='ocrx_word' id='word_1_125' title='bbox 463 2050 576 2135; x_wconf 87' lang='lat' dir='ltr'>longas</span> <span class='ocrx_word' id='word_1_126' title='bbox 598 2072 694 2134; x_wconf 88' lang='lat' dir='ltr'>saepe</span> <span class='ocrx_word' id='word_1_127' title='bbox 714 2050 750 2114; x_wconf 86' lang='lat' dir='ltr'>in</span> <span class='ocrx_word' id='word_1_128' title='bbox 771 2071 878 2114; x_wconf 93' lang='lat' dir='ltr'>amore</span> <span class='ocrx_word' id='word_1_129' title='bbox 899 2072 1016 2135; x_wconf 86' lang='lat' dir='ltr'>moras,</span> 
     </span>
     <span class='ocr_line' id='line_1_23' title="bbox 207 2132 1073 2219; baseline 0.006 -22"><span class='ocrx_word' id='word_1_130' title='bbox 207 2145 241 2196; x_wconf 74' lang='lat'>45</span> <span class='ocrx_word' id='word_1_131' title='bbox 256 2132 342 2198; x_wconf 92' lang='lat' dir='ltr'>Dum</span> <span class='ocrx_word' id='word_1_132' title='bbox 363 2156 414 2198; x_wconf 90' lang='lat' dir='ltr'>me</span> <span class='ocrx_word' id='word_1_133' title='bbox 436 2135 581 2199; x_wconf 88' lang='lat' dir='ltr'>iocundis</span> <span class='ocrx_word' id='word_1_134' title='bbox 603 2135 726 2218; x_wconf 86' lang='lat' dir='ltr'>lapsam</span> <span class='ocrx_word' id='word_1_135' title='bbox 747 2156 843 2218; x_wconf 85' lang='lat' dir='ltr'>sopor</span> <span class='ocrx_word' id='word_1_136' title='bbox 863 2135 982 2219; x_wconf 90' lang='lat' dir='ltr'>inpulit</span> <span class='ocrx_word' id='word_1_137' title='bbox 1003 2137 1073 2202; x_wconf 87' lang='lat' dir='ltr'>alis.</span> 
     </span>
     <span class='ocr_line' id='line_1_24' title="bbox 299 2217 956 2285; baseline 0.005 -4"><span class='ocrx_word' id='word_1_138' title='bbox 299 2217 361 2282; x_wconf 90' lang='lat' dir='ltr'>Illa</span> <span class='ocrx_word' id='word_1_139' title='bbox 381 2218 443 2282; x_wconf 88' lang='lat' dir='ltr'>fuit</span> <span class='ocrx_word' id='word_1_140' title='bbox 463 2217 601 2283; x_wconf 83' lang='lat' dir='ltr'>lacrimis</span> <span class='ocrx_word' id='word_1_141' title='bbox 623 2219 735 2282; x_wconf 90' lang='lat' dir='ltr'>ultima</span> <span class='ocrx_word' id='word_1_142' title='bbox 757 2241 833 2284; x_wconf 87' lang='lat' dir='ltr'>eura</span> <span class='ocrx_word' id='word_1_143' title='bbox 853 2221 956 2285; x_wconf 88' lang='lat' dir='ltr'>meis.&#39;</span> 
     </span>
    </p>
   </div>
   <div class='ocr_carea' id='block_1_4' title="bbox 122 2391 1236 3573">
    <p class='ocr_par' dir='ltr' id='par_1_4' title="bbox 122 2391 1236 3573">
     <span class='ocr_line' id='line_1_25' title="bbox 1235 2391 1236 2437; baseline 0 0"><span class='ocrx_word' id='word_1_144' title='bbox 1235 2391 1236 2437; x_wconf 76' lang='lat' dir='ltr'>l</span> 
     </span>
     <span class='ocr_line' id='line_1_26' title="bbox 635 2433 718 2507; baseline 0.012 -1"><span class='ocrx_word' id='word_1_145' title='bbox 635 2433 718 2507; x_wconf 88' lang='grc' dir='ltr'>ΠΠ.</span> 
     </span>
     <span class='ocr_line' id='line_1_27' title="bbox 258 2555 1144 2644; baseline 0.007 -25"><span class='ocrx_word' id='word_1_146' title='bbox 258 2555 342 2632; x_wconf 83' lang='lat' dir='ltr'>Quid</span> <span class='ocrx_word' id='word_1_147' title='bbox 362 2555 442 2620; x_wconf 91' lang='lat' dir='ltr'>mihi</span> <span class='ocrx_word' id='word_1_148' title='bbox 463 2558 530 2620; x_wconf 88' lang='lat' dir='ltr'>tam</span> <span class='ocrx_word' id='word_1_149' title='bbox 551 2558 668 2621; x_wconf 86' lang='lat' dir='ltr'>multas</span> <span class='ocrx_word' id='word_1_150' title='bbox 690 2557 860 2644; x_wconf 90' lang='lat' dir='ltr'>laudand0,</span> <span class='ocrx_word' id='word_1_151' title='bbox 882 2559 990 2644; x_wconf 87' lang='lat' dir='ltr'>Basse,</span> <span class='ocrx_word' id='word_1_152' title='bbox 1012 2561 1144 2643; x_wconf 85' lang='lat' dir='ltr'>puellas</span> 
     </span>
     <span class='ocr_line' id='line_1_28' title="bbox 299 2639 942 2727; baseline 0.006 -23"><span class='ocrx_word' id='word_1_153' title='bbox 299 2639 459 2706; x_wconf 81' lang='lat' dir='ltr'>Mutatum</span> <span class='ocrx_word' id='word_1_154' title='bbox 480 2641 609 2705; x_wconf 86' lang='lat' dir='ltr'>domina</span> <span class='ocrx_word' id='word_1_155' title='bbox 631 2643 720 2727; x_wconf 80' lang='lat' dir='ltr'>cogis</span> <span class='ocrx_word' id='word_1_156' title='bbox 742 2644 829 2708; x_wconf 87' lang='lat' dir='ltr'>abira</span> <span class='ocrx_word' id='word_1_157' title='bbox 850 2645 942 2708; x_wconf 83' lang='lat' dir='ltr'>mea?</span> 
     </span>
     <span class='ocr_line' id='line_1_29' title="bbox 258 2725 1234 2826; baseline 0.005 -36"><span class='ocrx_word' id='word_1_158' title='bbox 258 2725 341 2802; x_wconf 81' lang='lat' dir='ltr'>Quid</span> <span class='ocrx_word' id='word_1_159' title='bbox 361 2747 413 2790; x_wconf 91' lang='lat' dir='ltr'>me</span> <span class='ocrx_word' id='word_1_160' title='bbox 434 2748 500 2790; x_wconf 91' lang='lat' dir='ltr'>non</span> <span class='ocrx_word' id='word_1_161' title='bbox 521 2727 640 2810; x_wconf 89' lang='lat' dir='ltr'>pateris</span> <span class='ocrx_word' id='word_1_162' title='bbox 661 2728 746 2791; x_wconf 85' lang='lat' dir='ltr'>vitae</span> <span class='ocrx_word' id='word_1_163' title='bbox 768 2728 987 2813; x_wconf 90' lang='lat' dir='ltr'>quodcumque</span> <span class='ocrx_word' id='word_1_164' title='bbox 1009 2733 1170 2812; x_wconf 87' lang='lat' dir='ltr'>sequetur</span> <span class='ocrx_word' id='word_1_165' title='bbox 1233 2743 1234 2826; x_wconf 58' lang='lat' dir='ltr'>l</span> 
     </span>
     <span class='ocr_line' id='line_1_30' title="bbox 300 2808 1234 2895; baseline 0.01 -22"><span class='ocrx_word' id='word_1_166' title='bbox 300 2808 372 2874; x_wconf 90' lang='lat' dir='ltr'>Hoc</span> <span class='ocrx_word' id='word_1_167' title='bbox 393 2811 497 2895; x_wconf 84' lang='lat' dir='ltr'>magis</span> <span class='ocrx_word' id='word_1_168' title='bbox 519 2811 650 2875; x_wconf 87' lang='lat' dir='ltr'>adsueto</span> <span class='ocrx_word' id='word_1_169' title='bbox 672 2811 786 2876; x_wconf 89' lang='lat' dir='ltr'>ducere</span> <span class='ocrx_word' id='word_1_170' title='bbox 809 2813 961 2877; x_wconf 82' lang='lat' dir='ltr'>servitio?</span> <span class='ocrx_word' id='word_1_171' title='bbox 1233 2827 1234 2882; x_wconf 79' lang='lat' dir='ltr'>l</span> 
     </span>
     <span class='ocr_line' id='line_1_31' title="bbox 230 2894 1054 2980; baseline 0.006 -23"><span class='ocrx_word' id='word_1_172' title='bbox 230 2895 311 2958; x_wconf 78' lang='lat' dir='ltr'>t&#39;Pu</span> <span class='ocrx_word' id='word_1_173' title='bbox 332 2894 408 2958; x_wconf 89' lang='lat' dir='ltr'>licet</span> <span class='ocrx_word' id='word_1_174' title='bbox 430 2895 588 2978; x_wconf 85' lang='lat' dir='ltr'>Antiopae</span> <span class='ocrx_word' id='word_1_175' title='bbox 609 2896 745 2960; x_wconf 84' lang='lat' dir='ltr'>formam</span> <span class='ocrx_word' id='word_1_176' title='bbox 765 2895 941 2980; x_wconf 85' lang='lat' dir='ltr'>Nycteidos</span> <span class='ocrx_word' id='word_1_177' title='bbox 964 2901 996 2964; x_wconf 87' lang='lat' dir='ltr'>et</span> <span class='ocrx_word' id='word_1_178' title='bbox 1016 2901 1054 2962; x_wconf 85' lang='lat' dir='ltr'>tu</span> 
     </span>
     <span class='ocr_line' id='line_1_32' title="bbox 300 2977 1004 3064; baseline 0.003 -20"><span class='ocrx_word' id='word_1_179' title='bbox 300 2977 473 3063; x_wconf 84' lang='lat' dir='ltr'>Spartanae</span> <span class='ocrx_word' id='word_1_180' title='bbox 494 2981 613 3044; x_wconf 87' lang='lat' dir='ltr'>referas</span> <span class='ocrx_word' id='word_1_181' title='bbox 635 2980 781 3045; x_wconf 89' lang='lat' dir='ltr'>laudibus</span> <span class='ocrx_word' id='word_1_182' title='bbox 802 2981 1004 3064; x_wconf 90' lang='lat' dir='ltr'>Hermionae,</span> 
     </span>
     <span class='ocr_line' id='line_1_33' title="bbox 258 3063 1085 3150; baseline 0.005 -22"><span class='ocrx_word' id='word_1_183' title='bbox 258 3063 302 3128; x_wconf 78' lang='lat' dir='ltr'>nt</span> <span class='ocrx_word' id='word_1_184' title='bbox 324 3084 538 3149; x_wconf 88' lang='lat' dir='ltr'>quascumque</span> <span class='ocrx_word' id='word_1_185' title='bbox 558 3064 634 3128; x_wconf 85' lang='lat' dir='ltr'>tulit</span> <span class='ocrx_word' id='word_1_186' title='bbox 653 3065 787 3130; x_wconf 88' lang='lat' dir='ltr'>formosi</span> <span class='ocrx_word' id='word_1_187' title='bbox 807 3067 961 3150; x_wconf 87' lang='lat' dir='ltr'>temporis</span> <span class='ocrx_word' id='word_1_188' title='bbox 981 3070 1085 3132; x_wconf 85' lang='lat' dir='ltr'>aetas:</span> 
     </span>
     <span class='ocr_line' id='line_1_34' title="bbox 303 3146 1015 3234; baseline 0.003 -22"><span class='ocrx_word' id='word_1_189' title='bbox 303 3146 441 3230; x_wconf 78' lang='lat' dir='ltr'>Cynthia</span> <span class='ocrx_word' id='word_1_190' title='bbox 461 3171 529 3230; x_wconf 88' lang='lat' dir='ltr'>non</span> <span class='ocrx_word' id='word_1_191' title='bbox 549 3150 621 3214; x_wconf 87' lang='lat' dir='ltr'>illas</span> <span class='ocrx_word' id='word_1_192' title='bbox 642 3171 762 3214; x_wconf 91' lang='lat' dir='ltr'>nomen</span> <span class='ocrx_word' id='word_1_193' title='bbox 783 3147 901 3216; x_wconf 87' lang='lat' dir='ltr'>habere</span> <span class='ocrx_word' id='word_1_194' title='bbox 923 3151 1015 3234; x_wconf 89' lang='lat' dir='ltr'>sinet,</span> 
     </span>
     <span class='ocr_line' id='line_1_35' title="bbox 122 3230 985 3320; baseline 0.003 -25"><span class='ocrx_word' id='word_1_195' title='bbox 122 3235 125 3240; x_wconf 82' lang='lat'>&#39;</span> <span class='ocrx_word' id='word_1_196' title='bbox 258 3230 395 3314; x_wconf 90' lang='lat' dir='ltr'>Nedum,</span> <span class='ocrx_word' id='word_1_197' title='bbox 418 3233 446 3296; x_wconf 88' lang='lat' dir='ltr'>si</span> <span class='ocrx_word' id='word_1_198' title='bbox 467 3233 589 3298; x_wconf 85' lang='lat' dir='ltr'>levibus</span> <span class='ocrx_word' id='word_1_199' title='bbox 610 3235 708 3297; x_wconf 84' lang='lat' dir='ltr'>fuerit</span> <span class='ocrx_word' id='word_1_200' title='bbox 728 3234 844 3298; x_wconf 85' lang='lat' dir='ltr'>collata</span> <span class='ocrx_word' id='word_1_201' title='bbox 864 3235 985 3320; x_wconf 81' lang='lat' dir='ltr'>figuris,</span> 
     </span>
     <span class='ocr_line' id='line_1_36' title="bbox 213 3313 868 3402; baseline 0.011 -24"><span class='ocrx_word' id='word_1_202' title='bbox 213 3327 246 3378; x_wconf 89' lang='lat'>10</span> <span class='ocrx_word' id='word_1_203' title='bbox 301 3313 440 3378; x_wconf 85' lang='lat' dir='ltr'>Inferior</span> <span class='ocrx_word' id='word_1_204' title='bbox 461 3317 539 3381; x_wconf 89' lang='lat' dir='ltr'>duro</span> <span class='ocrx_word' id='word_1_205' title='bbox 561 3318 664 3382; x_wconf 89' lang='lat' dir='ltr'>iudice</span> <span class='ocrx_word' id='word_1_206' title='bbox 684 3319 787 3402; x_wconf 88' lang='lat' dir='ltr'>turpis</span> <span class='ocrx_word' id='word_1_207' title='bbox 810 3322 868 3385; x_wconf 86' lang='lat' dir='ltr'>eat.</span> 
     </span>
     <span class='ocr_line' id='line_1_37' title="bbox 259 3397 1120 3485; baseline 0.013 -25"><span class='ocrx_word' id='word_1_208' title='bbox 259 3397 348 3462; x_wconf 88' lang='lat' dir='ltr'>Haec</span> <span class='ocrx_word' id='word_1_209' title='bbox 369 3399 425 3462; x_wconf 87' lang='lat' dir='ltr'>sed</span> <span class='ocrx_word' id='word_1_210' title='bbox 446 3399 550 3463; x_wconf 82' lang='lat' dir='ltr'>forma</span> <span class='ocrx_word' id='word_1_211' title='bbox 570 3403 634 3464; x_wconf 90' lang='lat' dir='ltr'>mei</span> <span class='ocrx_word' id='word_1_212' title='bbox 655 3424 728 3485; x_wconf 88' lang='lat' dir='ltr'>pars</span> <span class='ocrx_word' id='word_1_213' title='bbox 751 3408 800 3467; x_wconf 89' lang='lat' dir='ltr'>est</span> <span class='ocrx_word' id='word_1_214' title='bbox 820 3409 961 3470; x_wconf 82' lang='lat' dir='ltr'>extrema</span> <span class='ocrx_word' id='word_1_215' title='bbox 980 3404 1120 3472; x_wconf 80' lang='lat' dir='ltr'>frueris:</span> 
     </span>
     <span class='ocr_line' id='line_1_38' title="bbox 302 3481 1059 3573; baseline 0.005 -25"><span class='ocrx_word' id='word_1_216' title='bbox 302 3481 384 3548; x_wconf 77' lang='lat' dir='ltr'>Sunt</span> <span class='ocrx_word' id='word_1_217' title='bbox 405 3483 536 3566; x_wconf 88' lang='lat' dir='ltr'>maiora,</span> <span class='ocrx_word' id='word_1_218' title='bbox 560 3484 682 3568; x_wconf 75' lang='lat' dir='ltr'>qrribus,</span> <span class='ocrx_word' id='word_1_219' title='bbox 705 3487 814 3571; x_wconf 87' lang='lat' dir='ltr'>Basse,</span> <span class='ocrx_word' id='word_1_220' title='bbox 836 3489 939 3572; x_wconf 81' lang='lat' dir='ltr'>perire</span> <span class='ocrx_word' id='word_1_221' title='bbox 960 3490 1059 3573; x_wconf 84' lang='lat' dir='ltr'>iuvat,</span> 
     </span>
    </p>
   </div>
   <div class='ocr_carea' id='block_1_5' title="bbox 0 0 1248 4018">
    <p class='ocr_par' dir='ltr' id='par_1_5' title="bbox 0 0 1248 4018">
     <span class='ocr_line' id='line_1_39' title="bbox 0 0 1248 4018; baseline 0 0"><span class='ocrx_word' id='word_1_222' title='bbox 0 0 1248 4018; x_wconf 95' lang='lat' dir='ltr'> </span> 
     </span>
    </p>
   </div>
  </div>
 </body>
</html>
