2486 4010
78 205 183 277 xm]
454 205 561 260 LIBER
583 206 630 264 III.
992 197 1034 263 59

78 367 104 431 A
139 387 178 431 ue
199 366 322 430 utinam
343 368 469 450 pereat,
492 365 569 431 Nilo
592 387 673 449 quae
695 385 784 431 sacra
804 368 934 451 tepente

151 450 204 514 'sit
222 451 378 514 metronis
399 448 530 514 Inachis
550 450 719 516 Ausoniis!

79 532 159 608 Quae
181 534 239 599 dea
259 537 328 598 tam
351 533 483 618 cupidos
504 534 623 598 totiens
646 532 753 598 divisit
775 533 940 598 amantes?
1017 545 1034 595 5

115 619 335 704 Quaecumque
358 618 512 701 illuserit,
536 640 661 702 semper
682 639 789 682 amara
810 617 880 682 fuit.

80 701 121 766 Tu
141 707 225 767 certe
247 702 335 770 Iovis
358 702 491 768 occultis
513 703 548 766 in
569 702 745 785 amoribus,
767 700 819 786 Io,

115 785 263 872 Sensisti‚
285 786 404 851 multas
425 787 501 872 quid
523 787 565 852 sit
586 787 668 852 inire
689 786 772 870 viae,

79 869 153 934 Cum
173 875 205 935 te
225 872 323 936 iussit
340 869 457 936 habere
478 871 619 955 puellam
641 891 761 935 cornua
781 869 862 935 Iuno

113 954 156 1018 Et
174 956 301 1039 pecoris
323 955 401 1020 duro
423 955 555 1040 perdere
575 954 673 1020 verbe
694 975 784 1020 sono.
1001 964 1034 1016 10

80 1039 106 1101 A
143 1040 270 1104 uotiens
292 1041 421 1125 quernis
443 1040 565 1104 laesisti
585 1038 753 1104 frondibus
774 1039 843 1102 ora!

114 1061 259 1188 liansisti
282 1124 415 1188 stabulis
437 1124 546 1188 obdita
566 1126 658 1207 peste
678 1123 752 1188 tuis.
999 1197 1002 1201 ,

80 1207 138 1291 An,
160 1209 314 1292 quoniam
335 1211 494 1294 agrestem
516 1208 653 1272 detraxit
672 1208 714 1272 ab
737 1228 791 1272 ore
812 1207 949 1293 figuram

113 1291 170 1377 Iup
193 1293 269 1376 iter,
291 1292 409 1358 idcirco
431 1292 517 1357 faeta
538 1293 674 1376 superba
695 1290 801 1357 dee's?

80 1375 125 1439 An
143 1316 203 1442 eiii
224 1398 291 1441 non
313 1377 391 1442 satis
413 1380 463 1442 est
483 1377 581 1442 fuscis
597 1377 764 1462 Aegyptus
785 1373 944 1440 alumnis?
1001 1385 1032 1435 15

115 1460 176 1526 Cur
196 1461 257 1525 tibi
277 1464 344 1526 tam
366 1461 464 1546 longa
485 1461 587 1526 Rome
608 1461 709 1544 petite
729 1460 801 1524 vie?

81 1543 191 1619 Quidve
212 1546 273 1610 tibi
293 1545 425 1630 prodest
443 1545 553 1610 uiduae
576 1543 712 1608 dormire
733 1542 879 1627 puellas?

117 1629 177 1694 seu
197 1628 273 1713 tibi,
296 1628 388 1695 crede
409 1629 504 1714 mihi,
526 1649 646 1694 cornua
666 1647 775 1691 rursus
798 1628 905 1707 erunt,

81 1713 139 1777 Aut
157 1735 216 1778 nos
240 1735 258 1778 e
278 1716 458 1798 nostrate,
480 1734 588 1796 saeve,
610 1711 792 1796 fugabimus
814 1708 907 1773 urbe:

116 1797 194 1863 Cum
215 1798 323 1863 'liberi
344 1797 421 1863 Nilo
442 1797 545 1883 gretia
565 1797 655 1862 nulla
674 1795 746 1858 fuit.
997 1804 1031 1853 20

29 1927 31 1964 ;
80 1883 119 1944 At
137 1887 186 1966 tu,
210 1904 291 1966 quae
311 1885 423 1946 nostro
444 1882 580 1948 nimium
600 1880 727 1964 placata
749 1875 899 1959 dolore’s,

29 2013 30 2048 q
116 1966 271 2033 Noctibus
291 1965 342 2031 his
364 1967 525 2032 recenter
547 1965 701 2030 faciamus
722 1964 794 2027 iter.

83 2050 257 2116 limandis
280 2054 313 2115 et
333 2052 430 2115 verbe
450 2052 529 2116 sinis
551 2071 625 2114 mee
644 2047 767 2130 ludere,
791 2066 863 2111 cum
884 2044 949 2108 iam

117 2135 259 2200 Flectant
279 2134 375 2200 Icarii
396 2136 500 2203 sidera
520 2135 612 2200 tarda
632 2133 740 2198 boves.

84 2219 172 2284 lenta
184 2220 284 2284 bibis:
307 2219 431 2284 mediae
445 2221 608 2303 nequeunt
624 2220 656 2281 te
670 2217 819 2300 frangere
833 2216 955 2279 noctes.
999 2224 1033 2276 25

118 2305 167 2368 An
188 2304 364 2368 nondumst
385 2305 468 2368 talos
490 2304 617 2368 mittere
638 2302 723 2368 lesse
743 2298 880 2365 manue?

84 2387 108 2449 A
119 2391 247 2538 &ereetz
271 2389 460 2472 quicumque
481 2409 622 2453 meracas
642 2387 785 2485 repperit
805 2405 882 2449 uvas

85 2469 876 2640 10rttttttlttttttteflttmtw¹

118 2640 306 2724 Pampineus
327 2642 415 2705 nosti
437 2663 531 2724 quarn
554 2641 597 2703 sit
617 2657 742 2701 amarus
764 2635 851 2698 odor.
1000 2645 1035 2694 30

29 2743 31 2806 ζ
87 2722 125 2790 Tu
145 2747 183 2790 ue
205 2746 225 2789 o
245 2724 405 2809 Eurytion
426 2725 501 2789 vino
524 2721 682 2788 Centaure
703 2718 830 2804 peristi,

29 2825 30 2846 ²
119 2747 184 2874 lieo
203 2831 271 2874 non
292 2809 427 2890 Ismario
449 2811 499 2892 tu,
521 2805 733 2890 Polypheme,
755 2823 853 2868 mero.

29 2919 30 2930 ¹
87 2890 159 2958 Viuo
179 2893 408 2979 formaiperitj
425 2893 501 2958 vino
524 2891 736 2975 corrumpitur
759 2891 861 2968 aetas,

29 3021 30 3024 κ
120 2977 199 3042 Vino
222 2999 315 3062 saepe
337 2999 430 3044 suum
453 2977 557 3043 nescit
578 2976 681 3040 amica
701 2974 813 3038 virum.

29 3069 30 3074 ’
88 3059 131 3126 Me
150 3063 315 3146 miserum,
336 3066 373 3128 ut
393 3063 496 3127 multo
517 3059 601 3125 nihil
623 3063 672 3124 est
691 3059 815 3122 mutata
835 3052 956 3138 Lyaeo!
1002 3065 1035 3117 35

121 3144 184 3211 lem
204 3147 294 3212 bibe:
316 3146 496 3212 formosa's:
519 3145 567 3210 nil
588 3143 649 3208 tibi
670 3142 746 3207 vina
765 3141 898 3223 nocent,

29 3233 30 3238 ’
89 3229 158 3296 Cum
177 3235 232 3296 tua
251 3231 471 3317 praependent
492 3229 647 3296 demissae
668 3227 704 3292 in
724 3226 840 3312 pocula
862 3228 964 3290 sertae

29 3297 31 3350 l

123 3313 162 3380 nt
180 3336 252 3381 mee
273 3316 408 3382 deducta
429 3315 571 3383 carmina
591 3333 669 3378 voce
690 3312 721 3376 le
748 3311 754 3326 '
775 3360 783 3376 .

90 3399 207 3486 largius
230 3400 330 3466 effinse
352 3401 478 3467 madeat
498 3400 559 3464 tibi
579 3419 691 3465 mensa
739 3397 863 3479 elemo,

29 3489 30 3560 i
126 3485 250 3572 spumet
270 3489 304 3553 et
324 3489 433 3552 aurato
455 3485 584 3550 mollius
606 3484 641 3548 iu
663 3481 770 3548 calice.
1001 3485 1037 3536 eo
