2476 4018
58 243 136 314 un]
478 243 586 298 nisan
606 243 628 298 1.
1012 243 1032 307 r

56 405 107 469 Et
129 403 190 467 tibi
211 425 450 486 nonunquam
471 408 600 470 nostros
622 427 701 490 puer
722 406 784 471 iste
805 407 931 473 labores

106 488 244 554 Adferat
265 491 299 552 et
319 489 459 553 lacrimis
481 490 589 554 omnia
609 493 688 554 nota
709 493 798 556 meis.

58 574 119 638 Me
142 573 221 657 sine,
244 594 338 657 quem
359 595 485 657 semper
506 575 609 638 voluit
627 574 758 639 fortuna
778 577 890 660 iacere,
998 589 1033 640 25

106 657 201 721 Hanc
223 658 364 722 animam
386 662 545 723 extremae
566 658 697 724 reddere
718 661 889 743 nequitiae.

59 742 163 806 Multi
183 743 361 827 longinquo
382 743 506 826 periere
527 744 562 806 in
584 765 691 808 amore
713 744 859 827 libenter,

106 826 148 890 In
169 847 303 910 quorum
324 849 457 892 numero
479 850 530 892 me
552 848 678 912 quoque
699 831 785 893 terra
804 831 904 914 tegat.

58 911 143 977 Non
165 932 226 996 ego
249 933 320 974 sum
342 911 437 994 laudi,
460 933 527 976 non
548 916 642 978 natus
663 913 797 977 idoneus
819 914 932 978 armis:

108 994 202 1059 Hanc
224 1017 276 1060 me
297 995 446 1060 militiam
466 997 534 1060 fata
555 997 661 1061 subire
682 998 804 1062 volunt
998 1009 1034 1060 ⁸0

60 1082 112 1144 At
131 1083 169 1143 tu
191 1101 247 1144 scu
268 1081 375 1145 mollis
397 1102 460 1164 qua
480 1081 584 1146 tendit
605 1080 698 1145 Ionia
719 1104 775 1146 seu
797 1103 859 1166 qua

108 1163 210 1248 Lydia
230 1163 356 1228 Pactoli
376 1165 476 1250 tingit
497 1169 585 1230 arata
606 1165 720 1250 liquor,

62 1249 130 1314 Seu
152 1249 287 1332 pedibus
308 1253 411 1314 terras
433 1271 489 1314 seu
508 1253 643 1334 pontum
667 1273 795 1335 carpere
816 1251 913 1316 remis

109 1332 186 1416 Ibis,
209 1336 246 1398 ut
267 1334 390 1418 accepti
412 1355 481 1398 sors
503 1337 564 1400 erit
585 1337 726 1419 imperii:

64 1417 151 1482 Tum
172 1417 232 1481 tibi
254 1419 346 1502 siqua
367 1419 431 1482 mei
451 1419 558 1484 veniet
578 1441 647 1484 non
667 1421 824 1485 inmemor
845 1419 934 1503 hora,
999 1432 1033 1481 35

108 1501 226 1567 Vivere
247 1525 299 1568 me
321 1503 400 1566 duro
423 1503 525 1568 sidere
548 1507 651 1568 certus
674 1505 745 1568 eris.

474 1633 626 1643 ..μ-.-

511 1717 580 1789 VII

64 1839 155 1904 Dum
175 1840 237 1904 tibi
258 1839 414 1905 Cadmeae
436 1840 594 1924 dicuntur,
617 1839 761 1923 Pontice,
783 1839 911 1904 Thebae

110 1924 273 2008 Armaque
294 1926 454 1990 fraternae
475 1924 581 1988 tristia
602 1925 744 2007 militiae,

66 2011 187 2092 Atque,
210 2010 255 2072 ita
276 2009 337 2074 sim
358 2010 445 2092 felix,
466 2010 571 2093 primo
594 2009 760 2073 contendis
781 2007 933 2092 Homero,

110 2093 185 2158 Sint
206 2093 301 2156 modo
324 2093 391 2158 fata
411 2095 475 2158 tuis
496 2094 608 2158 mollia
629 2093 838 2158 carminibus:

66 2177 149 2259 Nos,
172 2179 208 2240 ut
229 2199 429 2262 consuemus,
450 2183 578 2242 nostros
601 2179 759 2263 agitamus
781 2198 907 2242 amores
1017 2188 1035 2240 5

110 2263 219 2346 Atque
242 2263 362 2347 aliquid
383 2263 495 2326 duram
517 2263 697 2346 quaerimus
719 2265 754 2326 in
776 2262 953 2346 dominam;

66 2346 139 2412 Nec
160 2350 285 2412 tantum
308 2348 448 2432 ingenio,
471 2351 625 2430 quantum
647 2347 764 2413 servire
786 2347 890 2412 dolori

112 2430 222 2515 Cogor
243 2436 276 2494 et
296 2431 409 2496 aetatis
430 2437 575 2516 tempora
597 2433 676 2498 dura
698 2432 796 2517 queri.

67 2515 132 2580 Hic
152 2515 234 2579 mihi
256 2517 429 2580 conteritur
444 2518 527 2581 vitae
541 2518 664 2600 modus,
687 2517 766 2582 haec
780 2539 852 2580 mea
865 2515 992 2598 famast,

112 2599 199 2664 Hinc
221 2601 315 2683 cupio
337 2621 456 2664 nornen
478 2602 627 2664 carminis
649 2603 695 2664 ire
717 2601 790 2664 mei.
1001 2611 1035 2662 10

67 2683 123 2749 Me
144 2683 276 2748 laudent
297 2684 409 2747 doctae
431 2685 534 2748 solum
556 2685 715 2766 placuisse
736 2683 871 2767 puellae,
942 2683 945 2691 ’

111 2767 256 2850 Pontice,
279 2772 312 2830 et
332 2766 467 2832 iniustas
490 2789 584 2851 saepe
606 2767 720 2832 tulisse
741 2768 860 2831 minas:

67 2853 123 2918 Me
145 2853 233 2938 legat
255 2851 385 2916 adsidue
406 2851 579 2936 posthaec
601 2851 767 2937 neglectus
790 2853 921 2935 amator,

110 2937 303 3021 Etprosint
324 2937 372 3000 illi
394 2936 524 3020 cognita
543 2940 654 3000 nostra
675 2937 784 3000 mala·

66 3022 114 3086 'Pe
137 3043 263 3106 quoque
286 3022 314 3084 si
335 3025 421 3086 certo
442 3043 522 3104 puer
542 3019 595 3085 hic
618 3020 813 3084 concusserit
834 3041 920 3104 arcu,
1003 3031 1036 3084 15

112 3106 184 3182 Quo
204 3106 307 3170 nolim
327 3111 456 3171 nostros
477 3109 510 3170 tc
531 3105 667 3170 violasse
690 3105 775 3188 deos,

66 3191 182 3276 Longe
205 3195 310 3266 castra
330 3191 399 3275 tibi,
422 3192 518 3276 longe
539 3191 636 3254 miser
658 3189 786 3274 agmina
808 3192 930 3275 septem

111 3275 220 3340 Flebis
242 3277 276 3340 in
298 3277 428 3340 aeterno
451 3275 546 3340 surda
567 3277 670 3340 iacere
692 3275 764 3360 situ,

68 3359 115 3426 Et
135 3360 255 3424 frustra
277 3361 385 3444 cupies
407 3361 536 3424 mollem
559 3379 739 3444 conponere
761 3381 896 3443 rersum,

112 3444 181 3510 Neo
203 3446 263 3508 tibi
286 3445 421 3510 subiciet
442 3447 583 3508 carmina
605 3466 693 3509 serus
714 3445 824 3508 Amor.

70 3529 153 3594 Tum
174 3551 314 3594 menon
335 3529 487 3594 humilem
509 3530 665 3593 mirabere
688 3550 781 3610 saepe
801 3529 940 3608 poetam,
