2444 4056
214 275 264 322 XL
587 261 803 320 PRAEFATIO.

215 431 330 490 daciam
357 429 519 490 dictionum
546 425 617 506 (qua
642 429 762 504 quidem
788 429 820 486 in
847 448 879 488 re
905 431 1043 489 convenit
1064 431 1092 490 ei
1112 451 1172 490 oum

216 511 363 591 Varrone)
385 515 554 590 pariterque
575 514 613 572 ob
632 514 774 571 materiae
789 513 1003 588 proprietatem
1017 525 1172 590 numquam

216 600 343 658 lectores
364 598 421 658 nisi
441 597 633 673 paucissimos
647 599 750 656 nactus
766 595 806 656 sit
819 597 956 671 Laevius,
978 617 1038 657 non
1052 604 1100 658 est
1112 600 1171 657 her·

217 683 282 741 cula
297 701 349 741 our
362 682 506 742 miremur
520 681 599 757 quod
613 681 650 740 ab
664 680 788 740 Horatio
803 679 890 740 huius
904 699 965 742 non
979 683 1074 759 magis
1090 702 1171 758 quam

216 767 399 842 reliquorum
419 767 483 826 eius
505 765 673 840 aequalium
694 767 725 822 et
747 766 928 824 consortium
958 767 1049 825 studii
1069 768 1172 826 iniecta

217 853 264 909 est
277 851 388 910 mentio
408 850 461 908 ubi
480 847 594 925 proprii
611 848 748 908 carminis
768 848 913 908 meminit.
943 847 1021 908 Nam
1036 868 1105 908 eum
1118 851 1170 910 Lu-

217 936 301 994 cretii
316 933 495 994 etVarronis
509 935 644 1007 tempore
658 932 792 991 floruisse
807 932 863 991 hoc
876 935 923 992 est
937 951 962 990 a.
979 953 1005 991 a.
1015 933 1084 994 chr.
1100 953 1128 994 n.
1136 937 1172 993 60

216 1019 259 1078 eis
280 1019 332 1092 qni
351 1017 462 1075 librum
482 1017 611 1091 primum
631 1017 767 1074 nostrum
793 1015 829 1073 da
854 1035 886 1074 re
905 1017 1031 1076 metrica
1050 1019 1172 1094 legerint

214 1104 300 1160 extra
315 1101 546 1159 controversiam
559 1100 617 1158 erit
630 1099 769 1173 positum.
792 1099 863 1170 Quis
878 1101 958 1158 eniui
972 1102 1092 1175 putabit
1106 1101 1172 1160 Lae·

216 1185 301 1244 vium
316 1185 342 1242 si
354 1184 432 1242 Attii
446 1186 478 1242 et
490 1182 598 1241 Lucilii
613 1186 691 1242 esset
705 1183 835 1258 aequalis
850 1187 902 1242 aut
916 1185 1047 1244 voluisse
1061 1189 1113 1244 aut
1126 1205 1171 1260 po-

216 1267 310 1326 tuisse
330 1268 375 1326 uti
394 1269 478 1326 tanta
493 1270 524 1325 et
537 1267 680 1326 varietate
701 1269 864 1326 manorum
879 1270 910 1326 ct
924 1269 1082 1344 elegantia,
1098 1270 1172 1345 quali

215 1369 305 1409 usum
318 1369 383 1410 esse
399 1349 688 1410 demonstravimus?

280 1435 438 1493 Praeterea
462 1435 613 1493 Ausonius
641 1433 692 1492 ubi
722 1437 856 1494 centonis
885 1437 1028 1511 nuptialis
1058 1441 1173 1496 excusat

216 1518 369 1577 lasciviam
394 1517 465 1576 haec
484 1518 588 1576 habet:
618 1520 704 1575 ‘nam
724 1517 796 1592 quid
815 1519 946 1578 Anniani
966 1521 1170 1591 Fescenninos,

217 1601 290 1676 quid
309 1602 507 1676 antiquissimi
527 1604 631 1676 poetae
645 1600 747 1660 Laevii
768 1603 999 1679 erotopaegnion
1018 1605 1113 1664 libros
1134 1607 1171 1663 lo·

217 1684 332 1762 quar?'
360 1684 450 1744 Cuius
470 1688 506 1744 ut
525 1684 680 1743 mediocris
706 1685 881 1746 litteratoris
907 1687 1006 1747 verbis
1033 1689 1091 1748 etsi
1117 1708 1172 1746 non

219 1771 347 1829 multum
362 1768 441 1830 inest
454 1768 603 1844 ponderis,
619 1771 720 1827 tamen
734 1770 817 1828 nulla
831 1773 912 1828 extat
926 1789 1014 1830 causa
1029 1791 1080 1830 cur
1097 1772 1170 1830 aliud

218 1872 286 1913 eum
306 1857 423 1930 tempus
444 1853 547 1913 Laevii
561 1871 650 1928 quam
665 1852 744 1927 quod
764 1872 853 1928 supra
867 1855 994 1914 diximus
1009 1857 1170 1930 significare

217 1939 346 1998 voluisse
362 1938 524 1997 credamus.
555 1937 694 1997 Ceterum
708 1953 769 1994 non
783 1954 905 2011 possum
920 1937 1063 1998 adsentiri
1077 1939 1169 2000 Keilio

217 2023 269 2095 qui
283 2022 452 2096 refragante
467 2021 564 2079 codice
579 2019 774 2095 Neapolitano
790 2019 915 2080 Charisii
930 2021 1032 2082 Iliadis
1048 2021 1170 2100 Cypriae
1209 2039 1210 2106 p

218 2106 368 2161 auctorem
383 2121 447 2162 esse
461 2103 604 2161 Laeuium
620 2103 761 2163 adsensus
776 2107 822 2164 est
837 2105 979 2165 Schottio.
1009 2104 1056 2165 Ibi
1070 2127 1126 2182 pro
1140 2126 1170 2166 eo
1209 2109 1210 2160 l

215 2187 297 2262 quod
316 2189 362 2245 est
381 2188 413 2244 in
431 2185 507 2244 libro
529 2186 638 2262 scripto
652 2188 755 2265 nqvius
775 2188 873 2263 potius
888 2187 992 2249 Ninnii
1005 2208 1117 2251 nomen
1130 2211 1170 2250 re·
1209 2179 1210 2266 i

218 2269 403 2330 stituendum
423 2269 574 2328 existimo:
606 2272 696 2330 simili
718 2272 826 2346 quippe
846 2272 933 2332 modo
961 2277 1116 2348 peccatum
1143 2277 1172 2334 in
1209 2269 1210 2288 ¹

216 2353 361 2413 Prisciani
375 2353 451 2412 libro
466 2353 493 2411 X
510 2349 570 2432 [pg.
586 2351 671 2434 8661.
700 2353 777 2413 Nam
791 2356 908 2414 hercule
923 2357 1044 2432 propius
1059 2359 1172 2420 abesta

219 2437 274 2497 fide
294 2437 438 2496 Ninnium
459 2436 596 2498 Crassum
618 2440 668 2513 qui
691 2439 879 2498 Homericam
903 2441 1117 2516 interpretatus
1137 2445 1173 2500 sit

218 2521 311 2580 Iliada
336 2521 426 2579 etiam
455 2521 596 2598 Cypriam
627 2523 752 2582 vertisse
782 2543 871 2598 quam
900 2525 1058 2598 Laeuium,
1086 2547 1171 2602 quem

217 2624 313 2680 nequa
338 2605 424 2665 aliter
451 2609 503 2664 aut
527 2606 563 2664 de
584 2605 695 2666 Graeco
723 2607 884 2683 quidquam
908 2609 1097 2668 transtulisse
1125 2613 1172 2668 aut

217 2688 293 2765 epici
308 2689 399 2749 fuisse
413 2690 552 2749 carminis
568 2691 733 2750 studiosum
748 2693 810 2750 ullo
826 2691 913 2751 modo
929 2693 1052 2752 constat.

279 2774 413 2850 Denique
428 2775 465 2832 ad
478 2774 562 2833 Calvi
577 2775 661 2851 frg.3
677 2775 853 2834 eonferenda
867 2795 940 2851 quaa
956 2777 1031 2834 dixit
1045 2777 1170 2836 Bueche-

216 2859 295 2918 lerus
311 2860 405 2918 Musei
425 2859 558 2917 Rhenani
573 2857 670 2931 XIIII,
687 2859 758 2918 448.
788 2860 824 2918 In
846 2862 884 2918 16
905 2861 1030 2920 fortasse
1045 2863 1171 2920 seriben-

215 2941 287 2999 dum
300 2943 389 3013 furca
402 2963 456 3018 pro
471 2942 560 3015 fulco.
