2476 4018
156 187 200 254 34
543 188 738 244 proruam
1106 193 1154 266 [ι

172 367 206 418 25
219 354 372 421 Nondum
393 353 513 416 etenim
533 353 691 416 meram
711 355 832 498 norgrnt
851 372 924 414 mea
943 351 1106 416 ermina

265 521 329 586 seed
350 521 446 586 modo
468 519 626 586 Permessi
646 446 1009 584 flumineodtfft’lmor.

563 651 716 660 -ο-ο-

559 735 595 807 u
622 735 711 828 [iu.

224 943 372 1009 Santant
392 943 432 1008 de
452 947 486 1006 te
507 943 562 1007 alii
582 906 645 1007 vel
655 943 699 1005 sis
721 943 835 1026 ignota
854 942 978 1006 licebit:

265 1027 403 1110 laudat,
425 1027 479 1111 qui
500 1027 602 1091 sterili
623 1027 746 1091 semina
765 1028 860 1111 ponit
878 1025 986 1090 humo.

224 1111 356 1195 Omnia,
379 1111 471 1176 erede
492 1111 586 1195 mihi,
608 1133 715 1176 seeum
737 1133 801 1174 uno
822 1132 954 1175 munera
974 1110 1067 1174 laeto

266 1196 399 1260 Auferet
420 1196 553 1260 extremi
573 1196 695 1260 funeris
717 1198 786 1259 atra
806 1195 889 1259 dies:

196 1277 271 1346 uEt
292 1283 347 1344 tua
367 1279 516 1342 transibit
537 1283 745 1344 contemnens
766 1301 840 1344 ossa
859 1279 979 1359 viator,

267 1363 335 1430 Nea
357 1362 442 1429 dicet
463 1363 561 1428 ‘ainis
582 1363 635 1428 hio
657 1364 752 1429 docta
771 1364 878 1449 puella
897 1362 982 1426 fuit!

545 1579 599 1686 ΠΙ,
626 1580 734 1673 [Xssl

226 1701 423 1786 Quicumque
443 1701 498 1766 ille
519 1702 590 1786 fuit,
609 1723 742 1786 puerum
762 1703 817 1786 qui
836 1702 942 1786 pinxit
954 1701 1148 1790 Amorem,

267 1785 383 1852 Nonne
405 1789 497 1870 putas
519 1787 615 1850 miras
637 1785 721 1850 huno
742 1785 891 1851 habuisse
912 1785 1051 1850 manus?

224 1869 288 1934 Hio
309 1871 448 1954 primum
469 1869 550 1935 vidit
570 1872 639 1935 sine
661 1893 756 1935 sensu
777 1873 882 1936 vivere
903 1873 1048 1934 amantes

267 1954 312 2020 Et
332 1955 454 2020 levibus
477 1955 559 2020 auris
581 1977 699 2040 magna
718 1956 822 2039 perire
843 1955 938 2019 bona.

197 2036 316 2103 oldam
339 2060 406 2106 non
426 2040 545 2104 frustra
565 2043 713 2104 ventosas
735 2039 857 2105 addidit
878 2040 959 2123 alas,

267 2121 356 2187 Fecit
378 2126 411 2188 et
430 2122 571 2189 humano
594 2124 687 2189 eorde
709 2125 817 2188 volare
839 2124 947 2208 deum3

225 2203 355 2270 Scilicet
378 2207 501 2272 alterna
522 2211 673 2293 quoniam
693 2209 848 2274 iactamur
869 2209 904 2272 in
924 2208 1025 2285 unda,

267 2287 447 2372 Nostraque
469 2313 536 2356 non
557 2291 631 2357 ullis
651 2296 818 2378 permanet
838 2315 914 2357 aura
934 2293 1030 2356 loeis:

225 2371 269 2438 Et
290 2372 403 2437 morito
425 2373 562 2440 hamatis
584 2398 698 2442 manus
721 2381 770 2442 est
790 2381 911 2442 armata
931 2377 1077 2461 sagittis,

178 2469 210 2520 10
267 2455 309 2522 Et
353 2455 480 2522 haretra
502 2479 540 2524 ex
561 2481 670 2525 umero
685 2461 807 2527 Gnosia
827 2466 961 2545 utroque
982 2462 1086 2548 iaoet3

225 2541 310 2606 Ante
330 2479 407 2606 ierit
425 2543 584 2629 quoniam,
606 2546 668 2609 tuti
690 2568 784 2630 quam
806 2546 964 2611 cernimus
985 2545 1144 2634 hostem,

267 2625 298 2694 N
301 2647 335 2692 aa
358 2627 524 2712 quisquam
546 2651 584 2694 ex
605 2629 661 2694 illo
684 2631 812 2696 volnere
835 2653 930 2694 sanus
952 2629 1028 2694 abit.

225 2708 265 2776 Iu
287 2732 337 2775 nro
359 2713 589 2799 tellumonem,
612 2721 721 2779 manet
743 2717 775 2779 et
795 2715 927 2800 puerilis
949 2715 1077 2799 imago:

269 2793 331 2860 Sed
354 2800 437 2862 uerte
458 2819 580 2882 pennas
602 2799 740 2883 perdidit
760 2799 815 2864 ille
838 2821 925 2884 suas;

179 2893 209 2942 ru
224 2879 340 2946 Evolat
354 2879 417 2946 heu
430 2885 541 2948 nostro
557 2884 706 2967 quoniam
721 2882 760 2948 de
780 2886 909 2966 pectore
923 2904 1089 2967 nusquam

268 2963 490 3051 adsiduusque
512 2989 583 3031 meo
606 2969 761 3052 sanguine
782 2968 866 3032 bella
887 2968 979 3053 gerit.

226 3047 287 3124 Qui
309 3049 369 3114 tibi
391 3051 594 3117 iocundumst
616 3053 707 3116 siccis
730 3051 873 3117 habitare
895 3051 1069 3117 medullis?

269 3131 284 3194 l
306 3153 397 3217 puer,
421 3159 477 3220 en,
500 3137 563 3201 ulio
585 3137 682 3201 traice
703 3137 768 3200 tela
789 3139 857 3200 tua!

225 3213 367 3282 Intuetos
389 3219 451 3284 isto
475 3221 573 3286 'satius
594 3224 750 3305 temptare
772 3242 909 3285 veneno:

175 3311 210 3362 20
267 3298 297 3364 N
301 3319 342 3362 011
364 3321 439 3384 eg0‚
462 3303 518 3368 sed
539 3307 643 3370 tenuis
665 3306 794 3390 vapulat
814 3305 928 3369 umbra
948 3327 1030 3370 maa.

228 3381 328 3470 Quum
351 3383 377 3444 si
399 3385 572 3464 perdideris
579 3437 587 3469 ,
611 3389 680 3471 quis
704 3390 764 3453 erit
785 3390 839 3473 qui
860 3390 938 3453 talia
959 3392 1070 3454 cantat

270 3463 372 3548 lilaea
394 3485 465 3530 mea
486 3467 577 3533 Musa
598 3471 677 3536 levis
698 3474 802 3558 gloria
823 3495 941 3559 magna
962 3476 1086 3559 tuest),

430 3831 530 3995 ut
