2470 4010
458 225 575 282 LIBER.

236 389 415 472 Torquatus
435 389 509 452 nolo
531 389 680 472 parvolus

279 472 393 536 Matris
416 494 433 536 e
454 471 577 558 gremio
600 493 675 536 suae

278 556 452 653 Porrigens
473 559 599 622 teneras
621 577 734 620 manus

236 641 335 706 Dulce
356 639 458 704 ndeai
479 640 518 703 ad
540 644 663 723 patrem

149 793 153 800 ,
281 723 463 790 Semhiante
484 724 612 789 labello.

239 839 288 908 Sit
309 863 366 906 sno
389 842 502 907 similis
524 842 608 926 patri

279 926 400 990 Manlio
424 929 456 990 ei
476 927 570 990 facile
591 926 720 991 inscicia

279 1010 465 1075 Noscitaur
486 1010 526 1074 ab
548 1011 696 1076 omnibus

237 1093 282 1159 Et
302 1093 488 1178 pudicitiam
511 1117 587 1158 suae

280 1178 391 1242 Macris
413 1179 534 1243 indicet
555 1201 620 1244 ore.

139 1297 143 1304 ’
239 1295 326 1360 Talis
347 1295 434 1360 illins
457 1319 476 1360 a
496 1297 581 1360 bona

282 1381 385 1444 Matre
406 1381 476 1444 laus
498 1403 599 1466 genus
621 1381 791 1466 adprobet,

281 1464 389 1540 Qualis
411 1466 505 1529 unica
526 1467 566 1528 ab
587 1467 712 1549 optima

238 1547 341 1612 Matre
363 1548 553 1613 Telemacho
575 1555 685 1614 manet

281 1632 380 1696 Fama
400 1633 592 1718 Penelopeo.

240 1741 385 1816 Claudite
407 1751 503 1834 ostia,
526 1751 681 1835 virgines:

281 1833 429 1899 Lusimus
452 1835 538 1900 satis.
569 1838 617 1917 at,
639 1836 736 1900 bonei

282 1918 458 2005 Coniuges,
479 1919 561 1984 bene
582 1919 679 1983 vivite
702 1920 734 1983 et

238 2000 372 2068 Munere
393 2004 525 2068 adsiduo
546 2004 706 2068 valeniem

280 2086 436 2152 Exerceie
458 2089 630 2153 inveniam.

460 2293 572 2368 am.
600 2261 626 2307 ²

24 2414 161 2494 Vesper
175 2407 278 2492 adesi,
293 2409 438 2491 iuvenes,
454 2409 653 2494 consurgite:
668 2408 792 2494 Vesper
807 2410 944 2495 Olympo

24 2494 214 2579 Expectata
235 2493 290 2558 diu
311 2494 364 2556 vix
385 2493 517 2557 landem
538 2492 660 2558 lumina
679 2495 774 2560 tollit.

24 2583 176 2663 Surgere
190 2577 255 2642 iam
268 2580 409 2662 tempus,
424 2578 488 2641 iam
503 2578 639 2663 pingues
654 2578 798 2662 linquere
811 2601 956 2663 mensae,

24 2668 103 2731 [am
127 2661 233 2726 veniet
252 2663 358 2748 virgo,
380 2662 445 2725 iam
467 2661 589 2726 dicetur
609 2662 823 2746 Hymenaeus

71 2771 207 2854 Hymen
221 2792 241 2836 o
255 2772 454 2856 Hymenaee,
477 2769 607 2854 Hymen
621 2771 696 2836 ades
712 2793 732 2836 o
746 2769 945 2854 Hymenaee!
985 2781 1001 2832 5

24 2913 192 2997 Cernitis,
213 2916 381 3001 innuptae,
403 2914 555 2979 iuvenes?
579 2915 763 3010 consurgite
785 2916 912 2977 contra:

24 2999 197 3068 Nimirum
219 3001 356 3065 Oetaeos
379 2998 519 3063 ostendii
539 2999 677 3063 noctifer
697 3019 799 3082 ignes.

24 3087 85 3151 Sic
111 3085 243 3169 certest3
265 3085 361 3149 viden
381 3087 418 3147 ui
439 3081 611 3167 perniciter
633 3082 794 3146 exiluere?

24 3170 113 3235 Non
127 3171 247 3232 temere
261 3171 413 3252 exiluere,
437 3169 554 3232 canent
568 3165 653 3249 quod
667 3166 794 3231 vincere
808 3189 867 3251 par
883 3170 939 3232 est.

70 3277 208 3361 Hymen
222 3299 241 3343 o
256 3279 457 3364 Hymenaee,
479 3276 608 3361 Hymen
623 3275 697 3341 ades
713 3298 731 3341 o
746 3277 945 3361 Hymenaee!
970 3289 1003 3337 10

24 3425 111 3490 Non
133 3422 238 3486 facilis
259 3424 370 3506 nobis,
393 3401 554 3506 aequales,
577 3421 684 3506 palma
704 3423 862 3504 patainei,

24 3506 218 3592 Adspicite,
240 3508 395 3592 innuptae
417 3529 523 3572 secum
544 3510 581 3570 ut
602 3505 754 3570 meditata
774 3504 950 3587 requirunt.

816 3603 851 3656 3·
