2468 4036
59 246 151 319 [111]
381 323 382 326 Ν
475 243 584 300 amna
604 243 654 304 111.

536 410 584 486 Π.

64 537 143 614 Qui
164 535 285 620 primus
307 555 413 600 earam
432 533 541 598 iuveni
563 535 732 618 eammqua
754 536 878 619 puellae

115 620 251 705 Eripuit
269 619 432 702 iuvenem,
453 619 575 682 ferreus
596 619 650 682 ille
672 619 744 684 fuit.

65 705 189 770 Durus
211 707 244 769 et
264 704 319 768 ifle
340 703 417 788 fuit,
438 703 494 787 qui
514 706 642 768 tantum
662 703 746 770 ferre
768 703 924 790 dolorem,
983 735 986 738 ·

117 789 238 854 Vivere
261 791 293 852 et
314 791 424 873 erepta
446 788 582 873 coniuge
605 789 659 873 qui
680 789 797 874 potuit.

67 875 159 942 Non
180 894 240 958 ego
262 871 371 938 firmus
393 873 429 936 in
449 871 521 956 hoe,
542 894 610 937 non
630 872 709 938 haee
723 875 878 957 patientia
892 877 1004 940 nostro
1028 887 1045 938 e

118 957 276 1044 Ingenio:
298 956 420 1042 frangit
440 956 539 1021 fortia
560 957 656 1022 eorda
677 957 784 1024 dolor:

68 1044 108 1110 N
109 1064 151 1108 ee
171 1041 252 1107 mihi
272 1063 346 1107 vere
367 1040 456 1125 loqui
476 1041 579 1126 pudor
600 1045 650 1107 est
669 1043 816 1127 vitaeque
837 1044 930 1109 fateri

119 1126 188 1195 'I'ot
207 1127 292 1191 mala
313 1147 481 1210 perpessae
501 1125 607 1191 taedia
627 1130 703 1192 nata
724 1149 822 1194 meae.

70 1213 125 1279 Er
151 1233 170 1276 o
194 1233 266 1276 oum
286 1213 416 1275 tenuem
436 1211 526 1276 fuero
548 1214 688 1276 mutatus
710 1213 746 1276 in
766 1213 913 1278 umbram

121 1233 330 1380 Nandidaque
352 1317 426 1360 ossa
447 1317 542 1380 super
562 1296 658 1382 nigra
678 1296 789 1362 favilla
808 1301 912 1446 tepet,
1013 1311 1047 1360 10

70 1383 168 1448 Ante
189 1402 295 1445 meum
316 1380 425 1444 veniat
444 1381 560 1466 longos
582 1381 746 1466 incompta
767 1383 849 1468 eapil
863 1405 899 1448 os

119 1465 169 1532 nt
188 1465 265 1529 fleat
285 1469 361 1529 ante
381 1487 488 1530 meum
509 1468 631 1530 maesta
653 1466 778 1532 Neaera
798 1489 921 1552 rogum.

74 1549 146 1618 Sed
166 1551 275 1614 veniat
294 1571 386 1615 carae
407 1550 518 1614 matris
539 1550 727 1632 †oomitata
747 1549 871 1616 dolore:

122 1633 267 1702 Maereat
286 1632 366 1700 haee
387 1656 521 1720 genere,
543 1638 684 1699 maereat
704 1635 761 1699 illa
782 1636 861 1700 vire.

76 1719 247 1785 Praefatae
269 1722 343 1784 ante
363 1741 452 1785 meos
473 1719 586 1784 Manes
609 1719 810 1807 animamque
831 1723 978 1804 precatae
1014 1731 1045 1782 15

121 1804 335 1888 Perfusaeque
356 1805 426 1890 pias
449 1807 524 1869 ante
545 1803 669 1888 liquore
688 1825 818 1888 manus,

76 1889 160 1954 Pars
183 1911 263 1973 quae
284 1888 354 1953 sola
374 1889 439 1954 mei
460 1911 499 1954 su
522 1889 625 1954 arabit
645 1889 803 1973 eorporis,
826 1910 898 1954 ossa

122 1974 287 2039 Inoinetae
308 1974 404 2059 nigra
425 1995 486 2039 ean
510 1972 561 2037 'da
582 1975 670 2038 veste
692 1973 816 2058 legent,

77 2058 125 2124 Et
145 2058 285 2142 primum
307 2079 429 2122 annoso
452 2061 607 2143 spargent
628 2058 762 2123 collecta
782 2057 903 2142 Lyaeo,

122 2143 201 2206 Mox
223 2142 320 2210 etiam
339 2143 434 2207 niveo
456 2143 589 2208 fundere
610 2143 693 2207 laete
715 2147 844 2227 parent,
1012 2155 1046 2205 20

79 2226 161 2292 Post
180 2226 261 2291 haee
282 2227 438 2292 carbaseis
459 2249 604 2292 umorem
624 2228 737 2292 tollere
759 2228 838 2292 velie

123 2313 231 2396 Atque
253 2311 288 2376 in
308 2333 486 2377 marmorea
530 2333 626 2377 onere
647 2312 732 2378 sicea
754 2313 856 2380 dome.

80 2394 153 2460 lllie
175 2417 253 2480 quas
274 2396 376 2461 mittit
397 2396 485 2461 dives
506 2335 669 2462 Nanehaia
689 2419 811 2462 meroes

122 2479 248 2564 Eoique
269 2481 407 2564 Arabes,
429 2481 560 2567 pinguis
583 2484 616 2547 et
636 2483 786 2565 Assyria,

81 2561 127 2630 nt
146 2564 250 2630 nostri
270 2587 427 2630 memores
448 2566 597 2630 lacrimae
617 2565 794 2630 fundantur
815 2565 942 2631 eodem:
1012 2577 1046 2628 25

42 2659 46 2668 '
125 2649 179 2714 sic
200 2671 261 2734 ego
285 2651 425 2734 conponi
445 2672 554 2716 versus
575 2651 611 2714 in
633 2671 706 2714 ossa
727 2651 831 2714 velim.

84 2731 146 2797 Sed
167 2733 293 2799 tristem
314 2735 428 2800 mortis
451 2735 648 2800 demonstret
668 2734 775 2799 littera
797 2755 924 2798 oausam

123 2819 154 2880 A
190 2840 231 2882 ue
251 2819 331 2884 haee
352 2819 388 2883 in
409 2819 527 2884 celebri
549 2819 691 2883 carmina
711 2819 817 2882 fronte
839 2821 939 2883 notet.

85 2899 167 2986 ‘Lyg
189 2925 279 2968 amus
289 2903 343 2968 hie
354 2904 433 2968 situs
445 2907 507 2970 est:
524 2903 615 2967 dolor
625 2903 700 2967 huie
713 2906 745 2966 et
756 2924 831 2966 eura
841 2903 992 2987 Neaerae,

125 2984 280 3073 Coniugis
301 2993 443 3074 ereptae,
466 3009 562 3053 eausa
583 2987 686 3072 perire
707 2987 794 3052 fuit:
1011 3000 1048 3050 30

489 3144 641 3156 *-

529 3245 593 3321 ΙΠ.

86 3363 166 3441 Quid
186 3369 319 3452 prodest
340 3371 462 3434 eaelum
482 3370 567 3435 votis
588 3370 744 3454 inplesse,
765 3369 905 3455 Neaera,

12 3503 13 3534 3
125 3451 290 3538 Multaque
313 3476 385 3519 oum
406 3455 525 3519 blanda
546 3457 618 3520 111111
639 3455 763 3519 dedisse
785 3476 895 3538 prece,

12 3559 13 3578 2
86 3529 158 3601 Non
178 3541 215 3602 ut
236 3539 407 3604 marmorei
427 3539 587 3624 prodirem
609 3560 627 3603 e
648 3539 759 3602 limine
780 3538 873 3620 teeti,
