2470 4010
155 169 197 232 28
567 169 720 226 CATVLLI
1032 171 1157 244 [nm

154 363 156 370 ·
235 333 315 398 ¹Vno
336 334 372 398 in
392 333 526 415 lectulo,
549 331 697 396 erudituli
719 331 812 396 ambo
819 381 829 415 ,
891 332 894 338 ’

241 417 317 483 Non
339 417 390 482 hie
413 439 508 500 quem
529 416 583 480 ille
605 416 707 500 magis
729 438 828 480 vorax
849 415 988 502 adulter,

241 501 370 566 nivales
392 501 489 565 soeiei
510 501 729 584 puellularum.

159 599 192 648 ιο
240 585 352 651 Pulere
374 585 524 651 convenit
545 585 689 668 inprobis
712 584 863 652 cinaedis.

562 732 714 742 ———-

573 832 701 906 LVHI.

244 963 349 1047 Caeli,
371 963 487 1030 Lesbis
506 965 632 1047 nostra,
655 963 770 1028 Lesbia
791 963 863 1048 illa,

242 1047 303 1112 Ille
323 1047 453 1130 Lesbia,
476 1069 570 1132 quem
592 1047 736 1114 Catullus
757 1069 856 1112 unam

243 1131 319 1195 Plus
342 1153 436 1215 quem
458 1154 491 1196 se
513 1136 608 1215 atque
630 1153 704 1196 suos
726 1133 845 1197 amavit
866 1153 994 1216 omnes,

242 1215 338 1280 Nune
359 1216 395 1280 in
416 1216 587 1299 quadriviis
609 1219 642 1280 et
663 1217 840 1302 angiportis

173 1311 190 1362 o
244 1298 363 1364 Glubit·
375 1301 597 1386 magnanimos
619 1300 712 1365 Remi
733 1304 875 1386 nepotes.

564 1449 717 1458 ψ*-

563 1548 707 1622 LVIIH.

244 1679 458 1744 Bononiensis
479 1678 563 1743 Rufe
583 1679 735 1744 Rufulum
756 1679 862 1762 fellet,

244 1763 334 1828 onr
355 1763 499 1848 Meneni,
522 1786 615 1848 saepe
637 1785 731 1847 quem
752 1765 787 1828 in
809 1764 994 1847 sepulcretis

244 1845 378 1913 Vidistis
400 1850 470 1933 ipso
492 1871 602 1933 repere
625 1848 764 1932 derogo
787 1869 911 1932 cenem,

246 1931 328 1997 Cum
349 1932 530 1997 devolutum
553 1955 591 1996 ex
612 1933 687 2016 igne
708 1953 903 2016 prosequens
924 1953 1043 2017 panem

174 2028 191 2076 o
244 2015 296 2078 Ab
319 2017 470 2080 semiraso
491 2017 676 2081 tunderetur
697 2020 814 2082 ustore.

564 2164 716 2174 .-.-——-—

602 2265 676 2339 LX.

245 2393 332 2460 Num
353 2395 386 2458 te
406 2393 519 2459 leaena
539 2397 702 2462 montibus
724 2397 899 2480 Libystinis

246 2479 314 2542 Aut
335 2477 440 2561 Scylla
461 2480 582 2544 latrans
604 2481 714 2545 infime
734 2482 903 2566 inguinum
923 2481 1012 2572 perte

247 2561 325 2626 Tam
346 2565 453 2628 mente
475 2563 553 2628 durs
573 2566 752 2648 procreavit
774 2587 810 2630 ee
831 2567 947 2648 taetra,

245 2643 291 2710 Vt
314 2647 465 2730 supplicis
487 2668 597 2712 vooem
618 2650 653 2713 in
674 2650 848 2714 novissimo
871 2671 946 2713 easu

175 2743 192 2793 ὁ
246 2729 471 2816 Contemptem
492 2730 625 2798 haberes
648 2737 679 2799 a!
702 2735 798 2798 nimis
820 2735 889 2798 fero
912 2731 1028 2798 eorde?

566 2881 717 2890 ῌ--η

594 2982 686 3057 LXI.
717 2998 724 3021 ‘

365 3113 466 3178 Collis
488 3136 507 3179 o
529 3113 690 3179 Heliconii

408 3197 535 3278 Cultor,
558 3198 697 3262 Vraniae
718 3220 835 3283 genus,

408 3279 470 3354 Qui
490 3281 576 3362 repis
597 3285 739 3346 teneram
761 3283 801 3346 ed
822 3283 924 3346 virum

363 3361 546 3444 Virginem,
570 3384 588 3425 o
610 3363 793 3446 Hymenaee
815 3365 957 3448 Hymen,

176 3459 192 3506 o
408 3444 434 3507 Ο
457 3444 585 3525 Hymen
605 3445 803 3530 Hymenaee,
