2444 4056
185 279 270 327 XLVI
554 263 766 321 PRAEFATIO.

187 434 286 495 Ovidii
307 432 437 494 carmina
456 432 599 491 amatoria
620 431 775 492 continuit.
808 431 854 492 Ex
868 451 903 492 eo
918 451 992 493 saec.
1008 433 1101 494 VIIII
1114 455 1146 494 ac

185 519 213 577 X
233 518 380 593 descripta
405 517 519 592 aliquot
544 516 688 591 exemplis
709 516 808 574 Aetna
830 519 861 574 et
885 515 979 576 Culex
1004 522 1048 592 et,
1071 537 1144 594 quae

185 604 309 678 propter
327 601 505 662 brevitatem
534 599 649 658 facilius
677 600 966 675 multiplicabantur,
996 601 1144 662 Moretum

187 705 254 744 cum
270 684 351 761 Copa
365 688 397 744 et
410 685 500 744 Diris.
523 715 565 726 -
585 683 686 742 lltiam
702 681 778 742 Giris
793 686 824 742 et
837 684 1001 760 elegiarum
1016 685 1051 744 de
1067 688 1142 746 Mae·
1212 706 1215 720 ·

186 772 288 828 cenate
317 773 381 830 turn
415 767 559 844 temporis
588 767 705 843 singula
732 766 872 827 videntur
905 767 1054 844 descripta
1081 789 1142 830 esse

186 855 328 930 exempla,
342 871 416 928 quae
430 871 500 911 mox
512 851 661 911 oblivione
670 869 772 925 pressa
785 870 846 911 non
859 851 917 910 nisi
932 853 970 912 ab
984 852 1069 912 Italis
1084 873 1142 914 sae·

186 938 244 996 culi
263 934 470 1013 quartidecimi
489 935 539 994 vel
557 934 707 1011 sequentis
726 936 926 1010 grammaticis
953 955 989 993 ex
1014 939 1142 996 tenebris

186 1040 288 1080 rursus
310 1022 380 1079 sunt
399 1021 492 1078 eruta.
536 1019 605 1077 Mox
630 1020 730 1077 autem
756 1019 873 1095 ingenti
897 1019 1005 1079 damno
1025 1022 1142 1080 affectus

186 1105 277 1163 codex
296 1104 357 1162 ille.
397 1103 476 1162 Nam
496 1102 604 1162 amissa
625 1102 827 1178 prioreparte
848 1120 942 1178 usque
962 1104 1000 1162 ad
1020 1103 1097 1164 Ciris
1116 1126 1142 1164 u.

185 1189 257 1260 454,
279 1185 370 1248 etiam
389 1185 471 1262 (iope
485 1187 600 1246 Moreto
615 1185 696 1244 Diris
717 1189 748 1244 et
765 1187 895 1262 priapeia
908 1189 1026 1262 praeter
1039 1189 1144 1248 ultima

187 1269 316 1346 quinque
336 1273 383 1330 est
407 1271 543 1343 orbatus,
563 1287 659 1345 neque
680 1270 895 1346 epigrammata
914 1271 947 1328 in
966 1270 1025 1332 line
1045 1272 1103 1331 sita
1117 1277 1146 1330 et

187 1355 271 1430 siqua
291 1354 349 1412 alia
367 1373 421 1430 per
440 1354 702 1430 interpolationem
722 1356 904 1414 accesserant
924 1356 1055 1414 carmina
1077 1359 1145 1415 reti·
1219 1407 1220 1410 ,

186 1439 253 1498 nuit
277 1439 407 1513 exceptis
427 1438 520 1514 elegis
540 1438 576 1497 de
596 1438 775 1496 Maecenate.
820 1438 900 1509 Quae
920 1441 1037 1498 servate
1063 1445 1147 1499 crant
1219 1487 1220 1490 ,

187 1539 261 1582 saec.
281 1521 341 1580 XII
360 1523 410 1581 uel
428 1521 527 1598 potius
547 1521 622 1580 xm
642 1521 748 1581 codicis
769 1521 970 1582 Bruxellensis
997 1524 1095 1582 scriba
1116 1525 1147 1583 in

187 1625 273 1665 suum
293 1606 445 1682 exemplar
471 1605 625 1664 transtulit
649 1607 765 1666 omissis
793 1606 942 1681 opusculis
969 1605 1147 1667 Tibullianis

186 1709 202 1749 e
217 1690 324 1768 quihus
339 1693 439 1749 tamen
453 1687 602 1765 posterius
613 1689 817 1749 animadverso
828 1708 928 1749 errore
939 1690 1148 1766 epigrammati

186 1775 336 1836 catalectis
351 1774 465 1835 adiecto
480 1773 640 1834 subiunxit.
666 1772 759 1848 quue
774 1774 900 1833 fortasse
915 1777 1086 1849 separatum
1098 1795 1147 1834 ex-

185 1860 251 1920 titit
264 1860 297 1919 in
310 1859 474 1920 vetustiore
487 1858 542 1916 ills
555 1855 677 1916 scheda:
700 1860 779 1915 certe
794 1860 825 1916 et
838 1857 870 1916 in
884 1857 1057 1918 Monacensi
1070 1859 1148 1918 libro

187 1943 363 2019 singillatim
376 1944 574 2019 propagatum
589 1943 635 2000 est
648 1943 680 2000 et
693 1939 725 2000 in
739 1939 962 2001 Guelferbitano
977 1942 1107 2018 quodam
1122 1963 1148 2001 a.

189 2026 271 2085 1450
291 2027 456 2101 conscripto
478 2021 537 2102 [nr.
560 2019 632 2102 703]
658 2028 728 2099 post
755 2043 779 2082 c.
801 2025 843 2085 80
866 2025 979 2101 legitur
996 2026 1148 2084 ultimum.

66 2155 67 2160 1
187 2108 272 2167 Idem
285 2109 338 2167 ille
352 2108 491 2167 librarius
506 2108 578 2182 quin
593 2127 628 2166 ex
643 2108 685 2167 eis
704 2127 779 2184 quae
794 2109 993 2184 sequebantur
1006 2111 1151 2168 catalecta

187 2192 263 2250 nihil
277 2191 335 2251 nisi
349 2193 479 2250 carmina
493 2191 529 2249 de
539 2191 709 2252 Maecenate
723 2191 861 2251 habuerit
873 2193 953 2269 quod
967 2191 1151 2253 describeret

188 2276 238 2334 vix
252 2274 370 2334 videtur
384 2275 517 2334 dubium.
532 2274 647 2351 Nempe
662 2275 720 2334 alia
734 2276 760 2334 si
774 2275 902 2335 fuissent
914 2280 1033 2351 praesto
1048 2296 1084 2336 aa
1098 2297 1149 2354 po-

188 2359 249 2418 tius
264 2357 425 2418 addidisset
438 2377 527 2435 quam
542 2360 717 2434 opusculum
730 2358 764 2417 P.
780 2360 873 2418 Annii
886 2358 969 2418 Flori
984 2361 1031 2418 oui
1045 2361 1149 2420 inscri-

187 2445 275 2518 ptum
296 2441 436 2518 Vcrptlius
456 2447 552 2503 motor
571 2461 613 2503 aa
627 2448 729 2518 poeto,
751 2462 818 2501 cum
838 2444 902 2519 ipse
922 2447 957 2502 ut
974 2443 1096 2503 videtur
1118 2446 1150 2504 in

189 2527 323 2602 margine
344 2525 492 2585 addiderit
512 2524 605 2602 (idem
629 2529 708 2586 certe
729 2527 850 2587 omnino
870 2526 1030 2588 atramenti
1054 2527 1150 2605 color)

189 2611 265 2668 hanc
276 2610 451 2686 scripturam
460 2611 493 2670 in
504 2611 562 2670 alio
574 2611 768 2686 quaternione
780 2630 815 2671 ex
825 2611 944 2687 integro
956 2629 1019 2671 sese
1029 2611 1149 2671 habere.

191 2693 330 2754 Ceterum
340 2697 459 2770 praeter
468 2695 691 2754 Bruxellensem
707 2695 797 2754 etiam
812 2695 888 2754 alter
901 2715 938 2754 ex
952 2696 1056 2754 eodem
1066 2699 1150 2754 trun-

189 2782 255 2838 cato
271 2778 429 2856 archetypo
442 2778 546 2837 ductus
561 2779 652 2837 codex
665 2779 744 2839 unde
757 2780 873 2854 reliqua
886 2798 960 2854 quae
972 2780 1033 2838 iam
1048 2783 1153 2838 extant

188 2864 370 2940 exemplaria
383 2881 457 2923 saec.
473 2861 529 2920 XV
544 2863 652 2937 scripte
668 2863 814 2939 originem
828 2863 945 2922 trahere
959 2862 1110 2922 uidentur.

254 2949 313 3006 Sed
326 2949 519 3024 Priapeorum
540 2947 726 3021 exemplaria,
744 2965 818 3022 quae
837 2965 911 3007 eaeo.
927 2945 1018 3006 XIIH
1031 2947 1082 3007 vel
1096 2945 1153 3005 XV

187 3049 352 3106 provenere
374 3032 460 3092 ducta
480 3033 550 3090 sunt
565 3050 580 3089 e
595 3031 703 3104 codice,
724 3031 772 3088 cui
786 3031 914 3104 dessent,
929 3033 964 3089 ut
978 3029 1152 3103 memoravi,

191 3114 320 3188 quinque
341 3118 490 3189 postrema
509 3116 653 3187 carmina,
677 3133 753 3190 quae
779 3113 899 3189 quidem
918 3115 951 3172 in
970 3114 1153 3173 membranis

188 3196 368 3272 quibusdam
388 3188 589 3257 recentissime
609 3199 726 3274 scriptia
747 3201 857 3272 extant,
879 3198 931 3257 sed
949 3200 1103 3273 praeterea
1116 3215 1154 3254 ex

190 3283 275 3357 parte
291 3281 380 3338 etiam
394 3279 426 3339 in
440 3282 661 3354 vetustioribus,
676 3282 706 3339 h.
718 3301 743 3341 e.
756 3283 858 3355 Brun,
869 3281 994 3354 Monac,
1008 3281 1155 3356 Scaligcri

191 3365 289 3422 codice
311 3365 494 3436 Tibulliano,
517 3365 599 3422 cuius
620 3366 736 3424 diversa
756 3365 909 3440 areliquis
924 3367 1018 3441 origo.
1047 3363 1155 3438 Neque

191 3451 292 3507 tamen
312 3463 432 3518 possum
453 3445 590 3503 assentiri
609 3447 804 3520 Buechelero,
825 3449 876 3522 qui
891 3449 966 3508 hanc
981 3449 1019 3508 ob
1035 3465 1157 3506 causam

192 3529 245 3586 illa
259 3528 401 3603 opuscula
415 3547 432 3584 a
447 3528 551 3585 ceteris
566 3528 700 3602 Priapeis
715 3531 872 3604 separauit.
