2444 4056
181 215 294 263 XXXIV
552 202 765 259 PRAEFATIO.

244 373 286 430 ib.
302 371 342 430 54
356 372 495 431 Locridos
509 371 671 444 Bentleius,
687 371 848 432 elocridicos
861 369 900 432 V.

245 455 286 513 ib.
303 456 342 514 55
359 456 454 516 auolat
469 453 624 528 (lauturus,
639 456 755 514 adrolca
768 455 833 514 cdd.
930 457 933 464 “

245 539 285 597 ib.
302 539 342 598 ⁵9
364 540 396 598 lei
415 539 458 598 alii
476 557 538 598 cerr.
569 537 665 598 Locus
680 538 863 614 desperatus.
891 538 973 599 Illud
987 543 1079 600 tamen
1090 539 1125 598 vi·

179 623 255 681 deor
274 622 348 681 mihi
367 623 460 698 probe
479 623 663 698 perspexisse
682 622 798 682 litteras
817 625 885 682 icero
902 624 979 682 nihil
1003 642 1061 684 esse
1078 624 1126 682 nisi

179 707 254 775 ibai,
281 708 328 765 cui
348 708 380 765 in
405 707 566 782 archetypo
586 705 763 764 emendandi
784 724 871 766 causa
897 707 1030 766 additum
1050 707 1127 766 fucrit

181 790 263 866 quod
277 791 411 867 sequitur
423 791 484 849 iam
499 791 530 849 in
545 789 628 848 codd.
639 791 691 858 iti,
703 793 734 848 et
747 790 927 864 trochaeum,
942 792 995 865 qui
1009 792 1072 850 dest
1083 792 1128 850 inl-
1206 856 1212 865 ,

182 877 226 934 tio
241 894 353 949 versus,
370 873 547 933 eliciendum
562 891 598 931 ex
610 873 665 946 his,
681 892 756 948 quoe
771 876 841 932 sunt
855 875 886 932 lei
900 875 940 943 ci,
955 875 1033 934 unde
1043 878 1130 934 tamen

182 959 258 1017 illud
279 959 410 1032 efficere,
438 956 517 1033 quod
538 959 569 1016 et
588 946 713 1032 dignum
738 960 818 1016 osset
838 955 956 1016 Catullo
981 977 1036 1018 nec
1053 959 1131 1017 nimis

181 1046 332 1102 remotum
353 1061 370 1100 u
390 1041 509 1100 traditis
529 1041 656 1113 nemini,
677 1041 796 1116 opinor,
818 1041 959 1101 hacteuus
974 1043 1103 1118 contigit.

246 1127 288 1184 ib.
301 1127 340 1186 63
355 1127 507 1186 urioawm
520 1143 540 1184 a
552 1126 621 1197 fleta
635 1123 715 1196 Itali,
730 1126 889 1186 oiridatam
903 1145 922 1185 a
935 1129 1026 1198 Meta
1038 1125 1074 1185 V.

244 1210 284 1268 ib.
302 1212 340 1269 66
355 1212 456 1270 iurata
469 1209 637 1285 Lycaoniae
651 1208 731 1282 Itali,
747 1207 776 1264 V
789 1212 873 1270 iacta
886 1209 1041 1271 Iicaoaio.

246 1310 287 1368 ib.
305 1312 343 1368 77
359 1307 489 1384 Reposui
503 1307 581 1368 illud
597 1311 675 1368 curis
689 1308 769 1383 quod
784 1309 947 1385 emtiquitus
962 1313 988 1370 si
1002 1312 1134 1386 scriptum
1216 1320 1217 1349 ¹

183 1395 283 1452 fuerat
297 1395 408 1466 qaae,
424 1393 476 1451 ubi
489 1411 505 1452 s
518 1393 625 1452 heusta
639 1395 685 1452 est
699 1396 841 1467 sequente
856 1393 875 1464 f
890 1391 972 1472 (num
990 1399 1020 1455 ri
1033 1398 1064 1454 et
1076 1395 1135 1452 oin

184 1467 464 1553 archet'ypoCutulli
478 1476 528 1535 vix
542 1478 665 1550 potuere
681 1474 828 1556 dignosci)
844 1469 959 1537 librerii
973 1484 1009 1538 ut
1022 1480 1135 1540 verbum

186 1563 339 1622 efficerent
365 1561 491 1620 latinum
517 1559 656 1618 videntur
680 1562 796 1635 partem
824 1563 1021 1636 posteriorem
1050 1579 1137 1621 crosso
1214 1571 1217 1636 l

184 1647 320 1706 Minerva
334 1645 497 1718 supplesse.
1216 1661 1217 1732 p

250 1747 290 1806 ib.
308 1747 347 1806 78
367 1745 510 1820 copreae·
529 1741 613 1803 Surir'
628 1743 760 1802 Auratus
777 1740 887 1820 (Sariei
900 1745 1074 1824 Hauptius),
1089 1763 1138 1806 uo·

182 1835 375 1908 creatutura
389 1827 454 1888 cdd.

248 1918 290 1975 ib.
307 1917 345 1975 79
361 1933 448 1988 quom
461 1914 620 1988 Hauptius,
636 1929 721 1986 quera
735 1909 772 1986 V,
789 1931 879 1987 quum
892 1934 921 1973 v.

249 2001 291 2057 ib.
307 2001 348 2058 80
358 2000 444 2070 priris
460 1995 527 2072 (hoo
542 2000 587 2054 est
596 1995 646 2073 ῥ’)
662 1996 741 2069 Itali,
751 2002 819 2069 post
835 1994 897 2074 (ρ’)
915 1997 979 2055 cdd.

249 2083 290 2141 ib.
307 2081 346 2139 93
367 2083 531 2140 corruerent
551 2080 691 2154 Ellisius,
713 2083 873 2140 corruerint
892 2080 1011 2156 Lehm‘,
1033 2099 1084 2142 our
1096 2083 1141 2142 ite·

184 2171 252 2226 root
266 2164 303 2222 V.

252 2251 302 2319 67,
320 2248 358 2305 12
373 2265 475 2306 oerum
488 2248 567 2308 istud
576 2249 688 2322 populi,
703 2247 817 2318 fabola,
833 2249 947 2324 Quirite,
961 2248 1042 2321 facit.
1063 2249 1143 2310 Isioi

187 2365 230 2375 -
244 2333 347 2404 fabula
366 2331 588 2404 Lachmanuus,
608 2335 659 2391 reti
678 2363 719 2372 -
738 2335 834 2392 ianua
852 2333 932 2391 libri.
975 2333 1034 2392 Pro
1055 2336 1143 2392 laureo

187 2417 323 2493 Scaliger
336 2418 455 2484 caercio,
470 2415 596 2474 fortusse
610 2417 698 2474 recte.
730 2417 835 2490 Quirite
853 2416 942 2491 idem,
958 2418 1009 2490 qui
1021 2422 1048 2475 ic
1063 2417 1125 2475 odd.

251 2518 292 2576 ib,
310 2517 348 2574 27
370 2517 598 2590 qraercadrsr'e
622 2515 700 2608 uode
719 2515 941 2590 Laohmunnus,
968 2519 1145 2609 quamcredere

185 2599 365 2744 migr'sus
382 2685 507 2744 292-34
523 2683 651 2756 Catullo,
670 2683 719 2755 35,
736 2683 776 2741 36
791 2684 896 2742 ianuae
910 2683 1012 2742 tribui.

252 2787 340 2847 iuer
358 2785 486 2862 (iporeae
506 2787 655 2860 supposita
675 2785 805 2858 speculae
819 2782 952 2857 Vossius,
967 2785 1070 2844 eliaca
1083 2801 1145 2858 sap-

185 2876 313 2946 posituro
327 2873 442 2946 specula
457 2870 493 2929 V.

253 2972 293 3029 ib.
310 2974 349 3030 35
372 2971 484 3047 Scripsi
503 2970 579 3029 illud
600 2974 626 3030 ct
647 2967 708 3046 (sed
728 2966 823 3048 odd.),
844 2967 924 3043 quod
943 2971 1045 3027 temen
1064 2969 1147 3029 vehe-

188 3057 307 3114 menter
322 3054 515 3128 deprecamur
528 3073 565 3112 ne
580 3073 634 3129 pro
649 3055 736 3114 etiam
750 3053 919 3128 accipietur.

255 3137 293 3196 V.
309 3139 434 3197 37-40
450 3138 636 3196 Schwabium
651 3140 769 3196 secutus
784 3135 902 3196 Catullo
917 3135 994 3195 dedi.

251 3222 293 3280 ib.
309 3221 350 3278 44
364 3227 491 3294 speraret
505 3220 583 3293 Itali,
605 3225 697 3294 speret
709 3218 747 3278 V.

255 3323 279 3362 e.
297 3307 346 3366 68.
375 3305 412 3363 In
440 3303 495 3362 hoc
524 3304 652 3362 carmine
682 3303 889 3362 constituendo
919 3303 1040 3363 omuino
1060 3303 1147 3362 Luch-

189 3389 293 3448 manni
314 3390 493 3447 seutentiam
514 3386 693 3461 sequendum
713 3404 777 3443 osse
799 3387 1041 3459 existimavimus,
1065 3391 1147 3462 etque
1216 3377 1217 3422 l

189 3472 270 3531 idem
286 3472 399 3546 placuit
412 3470 553 3544 Hauptio.
582 3469 653 3540 Alii,
670 3467 742 3524 mihi
756 3468 877 3540 quidem
891 3473 926 3527 ut
938 3469 1067 3544 videtur,
1083 3471 1149 3529 satis
