2476 4018
211 187 235 251 2
595 191 790 248 PROPERTII
881 218 889 230 ¹

319 355 418 420 Posse
441 353 592 438 Cytaines
614 355 729 420 ducere
751 355 955 422 carminibus.

227 453 261 504 25
275 443 341 507 Aut
362 462 430 524 vos,
453 440 508 524 qui
530 461 600 504 sero
624 440 749 524 lapsum
770 443 939 524 revocatis,
962 441 1065 526 amici,

320 524 468 601 Quaerite
489 545 557 588 non
578 523 648 588 sani
669 525 808 608 pectoris
830 525 957 590 auxilia

276 608 416 674 Fortiter
438 611 471 674 et
491 609 611 672 ferrum
633 629 743 672 saevos
764 609 923 693 patiemur
945 609 1099 696 stignus,

320 693 369 759 Sit
389 694 485 759 modo
507 693 637 756 libertas
660 714 739 776 quae
761 693 839 758 velit
859 695 906 758 ira
928 695 1025 778 loqui.

276 778 371 844 Ferte
393 800 451 862 per
473 779 630 842 extremas
652 779 766 862 gentes
789 781 822 842 et
842 777 923 842 ferte
943 800 1002 863 per
1023 779 1131 863 undas,

226 877 261 925 so
319 862 388 939 Qua
408 883 476 926 non
497 861 563 926 ulla
583 883 690 926 meum
710 861 831 927 femina
851 863 939 929 norit
959 863 1030 927 iter.

276 947 344 1014 Vos
365 949 537 1030 remanete,
560 945 674 1030 quibus
696 945 784 1010 facili
805 945 883 1012 deus
904 947 1018 1012 adnuit
1039 969 1120 1032 aure,

320 1031 397 1096 Sitis
418 1035 452 1096 et
471 1033 507 1096 in
527 1033 598 1096 tuto
620 1051 745 1114 semper
766 1051 873 1096 amore
894 1053 997 1116 pares.

275 1115 317 1182 In
337 1138 388 1180 me
408 1119 521 1181 nostra
541 1114 651 1180 Venus
672 1118 784 1180 noctes
806 1119 931 1181 exercet
951 1138 1084 1200 amaras,

318 1200 363 1266 ut
383 1201 473 1264 nullo
495 1221 612 1264 vacuus
633 1203 776 1284 tempore
799 1200 875 1264 defit
896 1221 994 1265 amor.

225 1297 260 1348 85
274 1284 356 1368 Hoc,
371 1305 497 1367 moneo,
510 1286 609 1348 ritate
631 1284 764 1348 malum:
787 1307 844 1348 sua
858 1306 1014 1369 quemque
1034 1287 1162 1350 moretur

319 1367 412 1451 Oura,
433 1389 536 1452 neque
557 1369 689 1432 adsueto
710 1371 813 1432 mutet
834 1391 941 1434 amore
963 1371 1078 1435 locum.

276 1453 370 1530 Quod
392 1453 491 1536 siquis
512 1453 644 1518 monitis
665 1452 772 1517 tardas
795 1453 965 1519 adverterit
987 1477 1088 1540 aures,

318 1537 392 1603 Heu
412 1536 530 1603 referet
551 1540 670 1622 quanto
692 1538 790 1602 verba
811 1537 920 1604 dolore
941 1541 1026 1605 mea!

618 1667 772 1678 -ι-ι

667 1751 714 1828 Π.

275 1875 358 1956 Quid
380 1876 468 1943 iuvat
489 1879 602 1942 ornato
623 1876 805 1961 procedere,
826 1877 902 1959 vita,
925 1899 962 1942 ca
986 1878 1041 1941 illo

315 1961 361 2027 Et
381 1964 492 2027 tenues
515 1960 583 2027 Oea
603 1964 691 2027 veste
712 1981 839 2027 movere
861 1901 983 2026 sinusl1

273 2045 342 2111 Aut
363 2046 439 2130 quid
461 2046 602 2111 Orontea
623 2047 726 2110 crines
747 2046 937 2132 perfundere
959 2069 1074 2132 murra,

317 2129 424 2214 Teque
445 2131 623 2216 peregrinis
645 2130 781 2196 vendere
801 2131 995 2214 muneribus,

245 2213 481 2311 tNaturaeque
503 2215 598 2281 decus
620 2218 760 2281 mercato
781 2215 913 2300 perdere
935 2217 1023 2282 cultu

315 2297 385 2362 Nec
407 2319 510 2363 smere
532 2301 567 2363 in
588 2300 727 2384 propriis
748 2299 892 2364 membra
912 2301 1014 2366 nitere
1036 2298 1141 2366 bonis?

274 2381 376 2449 Orode
397 2381 485 2460 mihi,
508 2403 576 2446 non
596 2383 662 2446 ulla
682 2386 789 2452 tuaest
809 2385 967 2450 medicina
988 2385 1118 2470 figurae:

316 2466 430 2532 Nudus
451 2467 553 2532 Amor
574 2467 697 2534 formae
710 2470 785 2534 'non
806 2475 892 2534 amat
914 2469 1077 2536 artificem.

272 2551 320 2617 As
343 2552 392 2616 ioe
415 2572 477 2636 quo
500 2551 668 2618 submittat
688 2552 804 2618 humus
825 2554 966 2620 formosa
987 2556 1116 2619 colores.

314 2574 358 2702 ht
378 2637 509 2704 veniant
529 2635 665 2703 hederae
687 2641 802 2723 sponte
824 2661 880 2704 sua
901 2639 1024 2722 melius,

273 2720 333 2786 Sur
357 2724 391 2786 at
413 2725 444 2787 et
465 2723 501 2786 in
522 2723 599 2787 solis
620 2723 745 2787 felicius
768 2723 898 2788 arbutus
921 2724 1030 2807 antris,

314 2743 359 2872 llgt
380 2807 460 2871 sciet
481 2806 635 2872 indociles
658 2829 781 2872 currere
804 2807 935 2893 lympha
955 2809 1034 2873 vias.

272 2891 397 2956 Littera
417 2891 534 2978 nativis
556 2893 741 2976 praelucent
761 2892 848 2976 picta
870 2893 989 2976 lapillis

313 2975 358 3040 Et
378 2976 522 3041 volucres
543 2977 634 3040 nulla
656 2975 778 3042 dulcius
800 2980 867 3040 arte
890 2979 1018 3042 canunt.

223 3071 254 3120 15
269 3059 346 3125 Non
368 3061 413 3126 sic
434 3060 604 3145 Leucippis
627 3061 793 3126 succendit
814 3059 947 3126 Castora
968 3061 1105 3148 Phoebe,

313 3143 478 3209 Pollucem
500 3147 587 3211 cultu
607 3167 675 3210 nou
695 3143 820 3210 Hilaira
841 3167 941 3230 soror,

271 3225 357 3311 Non,
379 3227 454 3292 Idae
477 3233 509 3294 et
531 3231 644 3314 cupido
667 3229 826 3314 quondam
852 3229 1010 3296 discordia
1030 3229 1162 3314 Phoebo,

312 3311 417 3375 Eueni
438 3314 549 3394 patriis
571 3315 637 3378 filia
659 3315 815 3397 litoribus,

270 3393 340 3460 Neo
362 3393 539 3477 Phrygium
561 3397 643 3460 falso
665 3399 763 3462 traxit
784 3399 921 3464 candore
942 3401 1092 3466 maritum

221 3489 256 3540 20
312 3477 434 3542 Arecta
456 3479 594 3567 externis
615 3479 830 3564 Hippodamia
851 3484 945 3568 rotis;

224 2649 258 2699 10
