2470 4010
425 239 640 302 PRAEFATIO.
920 253 1016 302 nxxv

64 413 112 470 cali
123 411 313 486 insequente,
334 428 389 468 nec
404 410 525 469 omnino
541 427 556 469 e
570 429 637 469 cum
651 428 675 478 e,
696 413 727 470 et
741 428 831 486 porro
845 411 895 471 rix
910 411 1017 488 magis,

65 497 162 555 liberae
182 498 262 554 certe
283 493 463 569 reipublicae
484 495 684 569 temporibus,
706 497 718 552 i
737 512 803 554 cum
822 497 844 563 i,
866 515 887 554 u
908 513 974 554 cum
996 515 1018 554 a

64 581 145 655 iungi,
167 579 230 640 sive
245 596 374 638 consona
395 579 436 637 sit
449 579 594 637 alterutra
609 596 662 637 seu
675 579 796 638 vocalis.
826 579 925 638 Etiam
941 579 1018 638 illud

65 661 203 738 displicuit
217 662 433 738 quadamtenus
448 661 544 738 iugari
558 681 580 722 a
595 681 662 720 cum
676 663 696 722 i.

119 747 264 822 Synizesis
284 747 418 822 exempla
431 765 506 821 quae
525 748 623 805 notari
637 749 808 806 mereantur
822 747 900 822 apud
916 745 1017 806 Catul-

66 831 117 890 lum
131 834 199 890 snnt
212 831 294 889 haec.

116 915 215 974 Habes
236 915 326 986 40‚1
350 913 427 973 illud
449 913 598 974 ‘Ravide'
620 915 816 990 disyllabum3
839 915 876 973 cf.
892 915 920 972 d.
936 935 960 972 r.
976 935 1016 974 m.

66 999 131 1073 2713
147 998 281 1058 dativum
299 999 363 1056 ‘ci’
380 999 620 1075 monosyllabum
636 1001 686 1072 82,
703 1002 739 1073 3;
760 999 1017 1058 ncc1·ecte·Lach-

65 1101 176 1142 mannus
195 1083 228 1142 in
250 1084 300 1154 38,
317 1083 336 1138 2
357 1083 482 1141 eandem
502 1084 639 1142 voculam
661 1083 698 1140 de
713 1083 882 1142 coniectura
901 1084 1018 1142 illatam

65 1166 143 1226 iambi
163 1167 259 1226 instar
280 1184 345 1225 esse
364 1167 476 1240 voluit3
497 1187 526 1226 v.
549 1167 620 1225 libri
639 1168 734 1225 nostri
754 1187 804 1242 pg.
822 1168 893 1227 272.
923 1168 1017 1226 Ροιϊο

65 1251 160 1310 coactis
175 1250 300 1326 syllabis
314 1251 464 1325 reperitur
479 1251 529 1322 64,
548 1252 608 1310 120
618 1255 809 1324 praeoptarit.

116 1334 131 1392 Ι
149 1335 180 1393 in
202 1352 364 1395 consonam
383 1335 520 1393 duratam
540 1334 630 1396 hahes
651 1336 744 1394 semel
764 1337 819 1407 55,
845 1337 899 1408 10,
921 1337 1018 1394 metro

66 1417 202 1491 phalaecio
219 1413 260 1497 [d.
276 1438 301 1476 r.
316 1437 357 1476 m.
374 1414 446 1496 257]

253 1500 424 1576 Camerjum
439 1502 512 1560 mihi
526 1503 673 1578 pessimae
687 1504 814 1579 puellae.

66 1583 230 1645 Graecanica
253 1587 396 1662 synizcsis
412 1585 522 1646 Catulli
542 1587 673 1662 primum
693 1591 829 1662 tempore
843 1590 954 1646 novata
968 1588 1019 1646 ob-

66 1674 189 1729 servatur
212 1670 246 1728 in
270 1670 316 1729 his
341 1688 417 1746 quac
443 1674 513 1729 sunt
538 1671 714 1731 idomeneos
737 1666 806 1749 [64‚
835 1667 906 1749 178]
928 1671 1019 1730 Peleo

67 1748 158 1832 [33613
180 1755 279 1814 minus
299 1754 356 1812 huc
377 1755 530 1829 pertinent
544 1755 654 1830 quippe
669 1755 753 1829 vulgi
771 1753 886 1830 pridem
902 1774 959 1812 usu
973 1773 1019 1812 co-

66 1840 121 1894 acta
139 1841 207 2000 a[nte
223 1837 375 2002 Catilillum
391 1837 498 1898 Thesei
516 1833 578 1915 [od
597 1833 669 1914 120]
692 1837 852 1896 Erechthei
875 1834 928 1914 [ih.
945 1834 1018 1916 229]

66 1919 137 1980 Pelei
165 1923 205 1980 ib.
222 1923 283 1982 382
301 1967 306 1980 .

118 2007 159 2064 At
177 2006 338 2066 dihaaresis
359 2007 461 2066 evenit
474 2006 506 2064 in
520 2006 580 2065 illis
596 2023 670 2081 quac
687 2007 758 2064 sunt
772 2005 888 2064 ‘soluit’
909 2001 949 2083 [2,
969 2007 1006 2064 13

66 2089 205 2150 ‘soluent’
223 2086 286 2169 [61,
303 2086 354 2168 53]
373 2091 528 2150 ‘dissolno’
547 2087 609 2169 [66‚
626 2085 678 2168 38]
697 2089 869 2149 ‘evoluam'
887 2086 950 2168 [66,
967 2092 1007 2147 ‘id

66 2172 264 2246 ‘pervaleant’
287 2171 354 2253 [95,
372 2170 421 2253 513
443 2179 531 2250 atque
550 2176 593 2233 ita
614 2193 650 2232 ex
669 2193 752 2234 more
773 2175 931 2233 meliorum
952 2192 1021 2250 poe-

64 2258 151 2316 tamm
170 2258 359 2334 trisyllabum
381 2259 514 2334 leguitur
536 2257 664 2318 ‘Gaius'
689 2254 757 2337 [10‚
773 2254 838 2337 30].
883 2257 929 2317 Cf.
951 2258 1020 2317 dr.

65 2360 97 2398 m.
113 2343 180 2402 260.

117 2427 165 2484 De
180 2427 340 2486 elisione
355 2429 392 2486 et
407 2426 511 2486 hiatu
524 2427 734 2486 monuimus
750 2446 799 2503 pg.
817 2427 994 2485 276-312.

120 2509 305 2569 Vocabulum
320 2511 347 2570 si
365 2514 450 2569 exeat
464 2511 495 2570 in
514 2512 647 2571 vocalem
662 2511 725 2570 sise
740 2511 771 2569 in
786 2510 918 2569 litteram
932 2529 963 2568 m
977 2510 1022 2570 in-

65 2590 181 2666 cipiante
201 2595 337 2669 proximo
358 2614 376 2652 a
389 2595 485 2654 vocali
499 2596 549 2654 vel
563 2595 686 2670 spiritu,
702 2595 762 2652 iam
776 2595 878 2654 hiante
892 2597 924 2652 et
937 2594 1022 2670 quasi

65 2674 208 2738 laborante
230 2679 363 2738 oratione
383 2679 504 2750 accidit,
526 2683 562 2736 nt
580 2678 677 2738 finalis
691 2678 800 2753 prioris
815 2678 899 2737 verbi
914 2678 976 2737 vim
991 2679 1024 2736 iu

64 2765 149 2820 metro
163 2780 225 2822 non
238 2763 375 2822 retineat.
405 2763 482 2821 Eam
496 2763 587 2839 vulgo
601 2763 735 2822 vocitant
749 2762 913 2821 elisionem.
942 2762 1023 2830 Quae

64 2845 174 2916 quidem
194 2847 335 2905 facillime
356 2847 458 2906 evenit
477 2847 509 2906 in
529 2847 623 2919 brevi,
645 2845 744 2906 minua
759 2843 913 2904 commode
928 2863 959 2902 m
973 2844 1022 2903 lit

63 2927 120 2986 tera
142 2931 340 2990 terminante:
372 2931 474 2990 dunior
499 2931 594 2990 multo
615 2947 690 3005 quae
709 2931 741 2988 in
761 2928 852 3004 longa
871 2927 967 2986 vocali
992 2931 1024 2988 et

64 3015 182 3072 maxime
207 3015 240 3073 in
266 3015 451 3090 diphthongo
477 3031 512 3074 oc
535 3013 713 3072 admittitur.
743 3012 837 3071 Porro
858 3013 1023 3071 notmdum

62 3093 170 3234 {minus
192 3117 260 3158 eum
279 3100 455 3174 insequente
475 3097 571 3157 vocali
592 3098 671 3156 coire
691 3113 707 3156 e
725 3097 775 3156 vel
794 3099 807 3156 c‘
828 3116 917 3173 quam
937 3117 958 3157 a
972 3115 988 3157 o
1002 3117 1024 3157 se

79 3181 165 3242 nales.

117 3265 277 3326 Praeterea
295 3267 486 3342 polysyllaba
500 3265 670 3342 promptius
690 3266 843 3326 eliduntur
857 3284 946 3341 quam
961 3282 1023 3323 mo-

63 3351 221 3424 nosyllaba,
238 3351 398 3426 spondiaca
412 3352 461 3412 vel
476 3351 665 3426 anapaestico
680 3353 797 3427 saepius
811 3369 901 3426 quam
916 3349 1024 3406 cretica

62 3429 117 3489 sive
131 3434 273 3507 iambica,
295 3434 444 3494 trochaica
458 3436 509 3495 vel
523 3435 701 3494 tribrachica
717 3436 803 3494 citius
818 3453 908 3509 quam
923 3432 1023 3504 dacty-

61 3511 111 3572 lica
125 3519 173 3578 vel
188 3518 382 3596 pyrrichiaca.
413 3520 470 3578 Est
489 3521 567 3579 etin
582 3518 701 3579 Graecis
717 3519 856 3578 finalibus
871 3516 921 3574 vel
934 3515 966 3572 in
980 3513 1024 3572 eis

788 3627 817 3677 f.
