2468 4036
26 243 101 316 11.]
458 237 610 298 1111111
825 303 830 320 ,
1004 232 1029 302 3

94 404 232 486 Vincta,
255 422 358 486 neque
380 401 415 464 in
436 402 547 466 tenero
570 403 635 465 stat
654 401 715 466 tibi
737 401 831 466 corde
853 402 941 466 silex.

30 491 116 554 fflo
138 510 207 552 non
226 486 351 552 iuvenis
373 486 492 568 poterit
513 485 552 549 de
572 484 684 550 funere
707 485 875 570 quisquam
991 497 1025 548 65

96 573 251 654 Lumine,
272 592 341 637 nou
361 570 410 634 vir
433 591 470 653 o,
493 570 579 634 sicca
599 569 717 634 referre
739 570 878 638 domum.

34 660 140 723 Tum
161 657 274 720 Manes
294 677 337 720 ne
357 592 448 718 laede
469 675 574 737 meos,
598 652 654 718 sed
674 675 770 738 parce
792 655 907 723 solutis

99 741 251 807 Crinibus
274 741 307 804 et
326 741 460 820 teneris,
482 737 592 821 Delia,
613 759 708 821 parce
729 739 832 823 genis.

36 829 199 908 Interea,
221 825 298 888 dum
318 823 388 886 fata
408 824 533 906 sinunt,
556 823 727 970 iuffiamus
749 844 887 887 amores:

97 910 171 975 Iam
191 909 298 974 veniet
318 907 460 974 tenebris
481 907 569 971 Mors
633 909 745 991 operta
766 910 877 990 eaput,
992 921 1026 972 'to

38 997 126 1061 Iam
149 994 300 1091 subrepet
321 992 407 1058 iners
429 994 531 1074 aetas,
551 1013 613 1056 nec
634 1013 739 1058 amare
762 991 903 1074 decebit,

98 1079 215 1144 Dicere
236 1099 297 1142 nec
319 1097 399 1142 cano
421 1076 594 1142 blandities
616 1076 723 1160 ospiti.

42 1164 154 1230 Nunc
169 1163 247 1226 levis
263 1165 312 1228 est
325 1161 492 1227 necunde
506 1159 626 1243 Venus,
642 1161 718 1226 dum
731 1161 881 1246 frangere
894 1164 1003 1246 postes

98 1247 178 1313 Non
198 1245 297 1330 pudet
318 1249 351 1312 et
371 1247 456 1312 rixas
478 1245 677 1312 conseruisse
698 1246 795 1312 iuvat:

44 1333 121 1398 Hie
138 1353 198 1417 ego
214 1331 278 1396 dux
292 1330 446 1414 milesque
461 1331 580 1396 bonus:
602 1351 671 1413 101,
695 1330 790 1415 signa
803 1331 970 1414 tubaeque,
993 1341 1025 1392 11

98 1416 151 1482 Ite
173 1416 300 1500 procul,
324 1414 446 1498 cupidis
468 1415 598 1478 volnera
619 1415 702 1479 ferte
722 1415 814 1497 viris,

48 1501 155 1568 Ferte
177 1503 211 1564 et
232 1521 324 1583 opes:
348 1521 408 1584 ego
431 1499 598 1582 conposito
621 1520 749 1564 securus
771 1520 883 1564 acerve

100 1583 390 1668 Despioiem'dites
412 1584 647 1668 despiciamque
668 1583 797 1650 famem.

517 1799 563 1872 Π.

53 1923 154 1990 Adde
176 1945 298 1988 merum
319 1924 457 2007 vinoque
478 1944 579 1988 novos
602 1943 765 2006 conpesce,
779 1922 920 2006 doloreS,

104 2009 249 2092 Occupet
269 2011 306 2072 ut
326 2009 405 2072 fessi
426 2009 548 2072 lumina
567 2007 651 2072 victa
673 2029 784 2091 sopor:

54 2093 134 2159 Neu
157 2093 324 2176 quisquam
345 2092 447 2156 multo
467 2092 633 2175 pertusum
652 2095 798 2174 tempora
819 2091 947 2156 Baccho

101 2177 248 2258 Excitet,
271 2177 384 2242 infelix
406 2175 481 2240 dum
502 2177 673 2259 requiescit
694 2197 793 2240 amor.

56 2263 92 2328 N
93 2283 146 2326 1111
167 2262 304 2345 positast
325 2263 453 2325 nostrae
476 2261 620 2326 custodia
641 2281 735 2324 saeva
755 2261 896 2344 puellae,
1011 2269 1028 2320 ⁶

104 2345 271 2411 Clauditur
293 2348 325 2408 et
346 2345 426 2410 dura
446 2346 541 2410 ianua
562 2347 653 2412 firme
674 2367 754 2410 sera.

57 2431 164 2494 Ianua
184 2429 323 2494 difficilis
346 2429 510 2512 dominae,
532 2433 564 2495 te
586 2431 731 2495 verberet
751 2429 868 2512 imber,

103 2515 151 2578 Te
172 2511 258 2578 iovis
280 2514 414 2596 imperio
436 2515 575 2578 fuimina
594 2516 692 2580 missa
712 2517 832 2599 petent.

58 2599 179 2681 Ianus,
201 2599 265 2662 iam
287 2603 396 2682 pateas
418 2600 474 2662 uni
495 2599 590 2683 mihi,
611 2601 697 2664 victa
718 2599 881 2681 querellis,

104 2682 177 2748 Neu
198 2683 311 2746 furtim
333 2705 424 2746 verso
448 2684 576 2748 sardine
598 2685 709 2766 aperta
730 2703 835 2748 sones,
997 2693 1030 2742 10

59 2768 107 2833 Et
127 2767 213 2832 mala
236 2767 327 2852 siqua
347 2768 407 2830 tibi
429 2767 510 2831 dixit
532 2768 691 2832 dementia
711 2770 838 2848 nostra,

103 2851 275 2936 Ignoscas:
299 2852 397 2936 capiti
419 2853 484 2916 sint
506 2873 618 2935 precor
639 2851 695 2914 illa
715 2872 797 2915 meo.

60 2937 108 3000 Te
130 2936 313 3000 meminisse
335 2937 439 3017 decet,
463 2958 542 3018 quae
564 2935 701 3018 plurima
722 2956 798 3000 voce
820 2933 931 3017 peregi

106 3020 273 3105 Supplim,
298 3042 370 3085 oum
392 3020 477 3103 posti
498 3020 596 3083 florea
618 3021 703 3084 serta
724 3019 841 3082 darem.

61 3105 112 3170 Tu
135 3126 259 3188 quoque
280 3127 323 3170 ne
343 3104 455 3168 timide
478 3104 640 3186 custodes,
661 3102 769 3185 Delia,
791 3101 878 3166 falle.
998 3113 1030 3162 15

107 3189 347 3254 Audendumst:
370 3189 470 3254 fortes
493 3188 620 3253 adiuvat
640 3188 711 3272 ipso
731 3187 851 3260 Venus

61 3274 126 3338 Illa
146 3274 250 3356 favet,
274 3295 329 3338 seu
352 3275 406 3358 qui
428 3274 550 3338 invenis
572 3294 656 3338 novo
679 3271 792 3338 limina
812 3274 964 3356 temptat,

107 3358 170 3422 Seu
191 3362 313 3422 reserat
333 3359 396 3422 fixo
419 3358 512 3422 dente
534 3358 642 3442 puella
663 3357 765 3422 fores:

62 3442 124 3507 Illa
146 3442 240 3507 docet
259 3443 371 3506 furtim
393 3442 482 3506 molli
505 3444 653 3527 derepere
673 3443 774 3524 lecte,

106 3525 168 3591 Illa
188 3526 302 3612 pedem
323 3527 412 3592 nullo
435 3549 553 3610 ponere
574 3547 669 3610 posse
692 3547 786 3609 sono,
999 3533 1033 3581 20

845 3625 881 3675 l*
