2470 4010
178 208 302 258 LXXXII
551 190 765 248 PRAEFATIO.

242 365 288 424 Ne
309 360 467 438 spondiaca
485 359 607 436 quidem
627 360 701 420 elisa
720 359 892 419 condicione
908 358 1009 418 eadem
1027 358 1094 420 nisi
1109 379 1154 420 se·

178 451 239 509 mel
253 449 337 508 bisve
352 451 383 506 et
397 464 513 521 semper
527 447 611 504 extra
626 443 760 504 disticha.
776 443 823 504 Ita
836 443 937 518 hebes,
953 461 1006 505 cua
1022 444 1153 522 quidem

179 533 268 593 venio
280 534 391 605 tutum,
405 529 482 590 illud
498 523 559 608 [52
575 523 607 606 4]

422 613 545 674 alternis
559 612 687 673 ineundo
701 615 732 670 et
746 612 889 672 exeundo.

242 700 311 760 Alia
339 703 439 759 autem
458 697 602 774 quaedam
628 697 763 771 exempla
785 695 918 757 eiusdem
943 696 1152 774 inelegantius

178 803 253 860 quae
273 784 447 845 ferebantur
467 783 522 854 51,
545 782 600 855 233
623 781 680 854 84,
703 783 721 839 9
742 780 802 838 iam
822 780 906 841 vides
926 784 1057 840 remota.
1089 781 1153 840 Nec

178 870 322 944 probatur
335 869 441 944 longas
461 865 532 924 elidi
546 864 579 924 in
595 867 696 924 acuta:
726 865 828 924 tamen
848 864 939 926 habes
959 865 992 924 in
1013 866 1153 924 carmine

177 953 318 1028 Priapeo,
342 952 375 1012 in
390 969 458 1026 ·qu0
478 949 566 1009 modo
590 948 667 1006 illud
691 947 867 1008 offendimus
894 946 1091 1024 ‘diligentia
1118 951 1152 1006 ot

177 1037 286 1096 herba'
308 1035 437 1094 metrum
457 1033 532 1093 tale:
558 1033 724 1109 'praestare
744 1034 776 1092 et
795 1031 910 1094 domiui
927 1033 1088 1094 hortulum
1108 1033 1152 1092 vi-
1220 1039 1221 1080 i

177 1136 323 1195 meamque
336 1118 443 1178 tueri'.
813 1191 816 1199 Ι

180 1240 184 1246 ·
240 1203 464 1262 Praetereavix
478 1202 619 1277 estquod
633 1199 739 1260 addam
754 1201 851 1261 caveri
871 1217 938 1260 oum
953 1219 1026 1262 cura
1039 1221 1083 1262 ne
1099 1204 1152 1260 aut
1220 1237 1221 1264 i

177 1286 264 1347 initio
288 1287 377 1346 metri
402 1289 454 1345 aut
477 1285 536 1346 fine
561 1288 613 1345 aut
637 1284 735 1344 medio
760 1287 947 1362 pentametro
967 1285 1149 1348 adhibeatur

177 1371 272 1430 elisio.
301 1370 377 1454 Eam
395 1373 497 1432 tamen
515 1369 606 1430 habes
626 1369 768 1445 opusculo
783 1370 871 1430 modo
885 1374 1053 1432 memorato
1070 1371 1149 1431 circa

178 1455 291 1515 exitum
304 1454 483 1514 hemistichii
496 1453 605 1530 prioris
622 1449 685 1533 [85,
703 1455 751 1512 13.
768 1449 820 1533 21]

263 1539 468 1615 pallentesque
483 1539 650 1598 cucurbitae
664 1541 690 1598 et
705 1556 794 1598 suave
809 1539 920 1598 olentia
934 1541 1023 1599 male.

262 1622 332 1683 inde
347 1623 464 1684 sumite.
494 1621 683 1682 semitutum
698 1621 804 1681 deinde
817 1640 871 1685 vos
886 1623 962 1682 feret
975 1624 1051 1699 ipsc.

241 1705 381 1767 Ceterum
401 1707 514 1767 similes
528 1707 685 1783 pleraeque
704 1705 792 1766 medo
806 1708 969 1784 propositis
982 1709 1143 1768 observan-

177 1793 235 1852 tias
248 1792 281 1851 in
295 1793 406 1854 eisdem
421 1789 570 1867 opusculis
584 1809 660 1867 quae
670 1790 808 1866 optinent
815 1789 875 1867 ipsi
886 1791 971 1851 facile
979 1793 1147 1870 agnoscent

177 1877 313 1938 lectores.

241 1961 349 2020 Hiatus
363 1959 484 2019 licentis
497 1959 590 2019 nulla.
620 1956 761 2018 Vocalem
775 1959 898 2020 brevem
917 1959 1015 2021 infini
1031 1975 1143 2020 sermo·
1220 1985 1221 2026 i

177 2043 224 2102 nis
244 2044 374 2118 positam
393 2043 529 2102 incohata
547 2041 684 2118 proxima
703 2061 774 2102 voce
790 2061 807 2102 a
826 2043 905 2103 binis
928 2044 979 2105 vel
1003 2045 1141 2120 pluribus

179 2127 314 2186 consonis
333 2144 395 2187 non
415 2127 581 2186 sustinuere
601 2126 764 2201 producere
788 2128 924 2188 auctores
945 2128 1142 2204 Priapecrum
1220 2185 1221 2212 ¹

178 2229 233 2268 nec
253 2209 348 2287 magis
369 2210 532 2285 corripere,
559 2214 767 2287 praeterquam
793 2212 846 2272 ubi
864 2216 1039 2290 sequeretur
1059 2215 1142 2274 mute

179 2313 247 2352 cum
261 2293 375 2368 liquida
389 2297 472 2352 extra
486 2313 536 2370 gn.

242 2377 403 2438 Productio
418 2379 517 2439 brevis
532 2396 669 2478 caesurae
683 2379 714 2440 vi
729 2379 832 2442 effecta
845 2382 938 2443 nulla.
