2470 4010
568 158 732 218 'CATVLLI

607 325 702 399 am.
718 305 746 344 “

303 448 373 514 Risi
393 448 596 532 nescioquem
618 447 713 511 modo
736 468 753 510 e
776 469 906 532 corona,

301 533 377 616 Qui,
400 555 472 598 cum
492 533 625 597 mirifice
646 531 820 595 Vatiniana

300 617 391 682 Meus
414 617 546 681 erimina
568 615 682 681 Oalros
705 616 906 699 explicasset,

300 701 471 766 Admirans
494 701 539 764 ait
559 698 637 765 haee
658 721 832 783 manusque
852 701 985 788 tollens,

301 786 361 850 ‘Di
382 786 506 870 magni,
529 784 721 868 salaputium
742 784 927 850 disertuml’

579 931 732 940 ——---

595 1023 708 1097 LHII.
801 1023 806 1031 ’

301 1147 437 1213 Othonis
460 1150 555 1230 caput
576 1146 726 1229 oppidost
746 1147 898 1230 pusillum

499 1257 513 1294 r
619 1255 637 1293 s
741 1256 759 1295 s
833 1261 838 1272 ·

298 1315 377 1381 Neri
397 1316 517 1380 rustica
538 1313 703 1379 semilauta
726 1335 829 1398 crura,

300 1400 422 1466 Subtile
445 1403 477 1464 et
497 1401 565 1464 leve
586 1399 728 1482 peditum
750 1398 890 1466 Libonis.

300 1567 422 1634 Sinon
445 1510 552 1632 omiria
574 1508 876 1650 disblicere*vellem

299 1653 373 1718 libi
394 1655 427 1718 et
447 1651 567 1717 Fuficio
591 1651 660 1715 seni
680 1654 805 1716 recocte

584 1871 718 1948 LIle.

298 2000 438 2063 Irascere
459 1998 575 2062 iterum
595 1997 675 2060 meis
697 1995 810 2061 iambis

299 2081 549 2165 Inmerentibus,
571 2081 664 2145 unice
685 2081 867 2165 imperator.

578 2221 731 2232 ——-

616 2303 691 2378 nv.
717 2279 729 2317 ³

299 2426 451 2509 Oramus,
474 2425 502 2490 si
523 2426 606 2490 forte
626 2447 694 2490 non
715 2425 931 2510 molestumst,

299 2509 500 2595 Demoslres,
522 2510 578 2574 ubi
600 2511 665 2574 sint
685 2512 759 2574 tuae
780 2511 938 2575 tenebrae.

298 2593 343 2658 Te
366 2617 477 2680 campo
499 2595 711 2678 quaesivimus
733 2594 856 2660 minore
862 2644 872 2679 ,

297 2678 342 2744 Te
363 2680 399 2744 in
420 2681 520 2761 circo,
541 2682 574 2742 te
595 2679 631 2742 in
652 2679 799 2743 omnibus
821 2679 952 2762 libellis,

296 2763 341 2828 Te
362 2764 397 2827 in
418 2763 539 2846 templo
561 2764 677 2827 summi
698 2762 784 2828 Iovis
806 2766 939 2828 sacrato.

297 2847 336 2912 In
358 2847 470 2933 Magni
492 2847 587 2911 simul
608 2847 824 2911 ambulatione

295 2931 452 2996 Femellas
474 2953 601 3015 omnes,
624 2931 739 3014 amice,
761 2930 889 3015 prendi,

297 3014 383 3089 Quas
405 3017 496 3081 vultu
516 3017 582 3080 vidi
603 3018 712 3080 temen
733 3035 868 3080 serenas.

295 3098 342 3178 A,
364 3099 468 3162 velte
491 3099 536 3163 sic
558 3101 626 3184 ipse
647 3097 847 3184 flagitabam,

245 3201 249 3210 ’
296 3179 494 3246 ‘Camerium
515 3183 610 3279 mihi,
633 3183 790 3280 pessimae
811 3183 957 3267 puellae!

159 3313 161 3318 .
297 3262 459 3339 Quaedam
480 3266 599 3348 inqu1t,
621 3266 742 3330 nudum
764 3289 870 3332 smum
891 3268 1062 3352 reducens,

299 3347 368 3411 ‘En
387 3347 459 3445 heic
480 3347 515 3410 in
535 3349 636 3412 roseis
658 3350 738 3412 latet
757 3351 908 3447 papillis!

296 3427 358 3494 Sed
379 3433 412 3494 te
435 3451 500 3494 ram
521 3431 603 3496 ferre
624 3430 775 3496 Herculer
795 3433 885 3499 labos
908 3436 965 3499 est.
