2486 4010
70 195 151 266 vin]
450 193 559 250 ursan
579 194 614 250 v.
971 193 1030 256 111

71 355 177 420 Nanus
199 359 232 420 et
253 356 323 441 ipse
346 329 421 420 suos
442 357 580 420 breviter
602 359 768 422 concretus
790 357 825 422 in
847 361 934 423 artus

111 440 251 504 lactabat
272 445 401 505 tnmcas
424 440 465 504 ad
487 462 564 505 aava
585 440 669 506 buxa
690 461 812 506 manus.

71 522 131 588 Sed
149 546 252 608 nsque
275 523 430 609 suppletis
453 525 621 590 constabat
641 525 770 590 flamma
790 526 943 610 lucernis,
1036 615 1038 620 Α

110 607 252 672 Reccidit
272 609 369 693 inque
392 630 466 674 suos
488 631 600 674 mensa
621 611 739 694 supina
756 609 862 694 pedes.

69 691 120 756 Me
140 714 265 777 quoque
279 715 336 777 per
356 693 440 756 talos
454 693 615 758 Venerem
637 697 806 778 quaerente
821 695 976 760 secundos
995 708 1029 758 45

110 775 238 860 Semper
259 777 407 841 damnosi
429 778 604 843 subsiluere
627 800 730 844 canes.

68 857 247 925 Cantabant
269 861 364 926 surdo
369 909 379 944 ,
401 862 567 927 nudabant
587 866 719 947 pectora
740 885 849 930 casem

109 943 239 1009 lanarii
261 945 301 1008 ad
323 949 443 1029 portas,
465 947 495 1010 ei
516 947 610 1030 mihi,
634 948 720 1012 solus
742 971 843 1034 eram3

67 1026 146 1110 Cum
167 1029 273 1094 subito
295 1030 383 1094 rauci
405 1033 578 1096 sonuerunt
600 1031 729 1097 cardine
750 1036 874 1117 postes,

108 1111 149 1177 Et
170 1113 253 1178 levia
275 1113 315 1176 ad
335 1115 456 1198 primos
478 1137 640 1180 murmura
660 1116 746 1180 facta
767 1117 873 1182 Lares.
993 1123 1039 1180 ὅθ’

66 1195 132 1260 Nec
153 1219 253 1282 mora,
277 1219 349 1262 cum
371 1201 457 1263 totas
477 1200 643 1283 resupinat
664 1199 803 1284 Cynthia
824 1201 941 1286 valvas,
1037 1209 1041 1216 ’

106 1281 180 1346 Non
202 1303 338 1365 operosa
359 1284 472 1365 comis,
496 1283 551 1348 sed
573 1285 745 1350 furibunda
767 1283 893 1352 decens.

64 1363 181 1430 Pocula
201 1367 247 1430 mi
269 1365 389 1450 digitos
411 1368 496 1431 inter
518 1368 660 1458 qecidere
681 1371 843 1452 remissos,

105 1448 352 1533 Pallueruntque
373 1451 384 1514 i
408 1473 444 1516 so
466 1451 557 1515 labra
578 1452 683 1516 soluta
703 1474 801 1518 merc.

63 1529 225 1598 Fulminat
246 1533 303 1598 illa
324 1555 362 1599 oc
400 1535 424 1598 's
447 1537 479 1599 et
500 1539 655 1618 quantum
675 1536 795 1600 femina
816 1539 925 1621 saevit,
993 1550 1026 1601 55

106 1617 308 1701 spectaclum
329 1622 423 1702 capta
442 1640 503 1683 nec
524 1621 630 1684 minus
651 1620 729 1684 urbe
750 1620 823 1686 fuit.

62 1698 228 1784 Phyllidos
250 1703 350 1766 iratos
371 1703 406 1767 in
428 1704 551 1768 voltum
573 1705 693 1768 conicit
712 1725 853 1796 ungues:

103 1784 229 1850 Territa
249 1786 371 1852 vicinas
393 1786 471 1851 Teia
493 1788 609 1852 clamat
629 1810 737 1873 aquas.

9 1947 10 1952 γ
63 1865 200 1934 Lumina
222 1871 343 1954 sopitos
364 1871 496 1936 turbant
517 1873 600 1936 elata
621 1872 770 1958 Quirites,

9 1961 10 2024 g
101 1953 216 2018 Omnis
239 1959 271 2018 et
291 1955 405 2020 insana
427 1956 543 2020 semita-
560 1960 656 2022 nocte
678 1961 781 2022 sonat
947 2034 951 2038 1
989 1971 1024 2020 60

61 2036 135 2103 Illas
161 2037 356 2123 direptisque
379 2042 478 2105 comis
500 2042 680 2125 tunicisque
703 2041 817 2106 solutis

100 2123 233 2206 Excipit
254 2124 406 2189 obscurae
427 2125 532 2209 prima
552 2125 686 2190 taberna
706 2125 786 2192 viae.

60 2205 201 2290 Cynthia
221 2207 340 2292 gaudet
360 2209 397 2273 in
418 2209 538 2274 exuviis
560 2210 736 2295 vicumque
757 2210 892 2276 recurrit

98 2291 143 2356 llt
165 2313 238 2355 mea
258 2314 408 2376 perversa
430 2294 551 2360 sauciat
572 2315 630 2358 ora
650 2317 747 2360 manu

58 2372 97 2438 In·
118 2375 252 2458 onitque
273 2379 384 2441 notam
406 2378 490 2442 collo
512 2400 683 2463 morsuque
705 2383 860 2464 cruentat,
991 2391 1024 2442 65

10 2485 12 2554 ³
57 2461 896 2632 iuttt‘tttltttatttttsstattla

97 2627 281 2712 Lygdamus
304 2630 344 2692 ad
364 2628 466 2712 plutei
487 2630 590 2694 fulcra
609 2631 740 2694 sinistra
761 2631 864 2694 latens
901 2595 911 2630 ⁹

10 2663 12 2762 l
57 2707 206 2792 Eruitur,
228 2713 421 2797 geniumque
441 2734 548 2777 meum
569 2716 747 2797 prostratus
775 2713 894 2778 adorat

95 2795 271 2944 Lypdama
293 2798 341 2861 nil
362 2795 469 2880 potui:
491 2800 597 2862 tecum
619 2819 679 2882 ego
703 2800 814 2883 captus
836 2819 932 2862 eram.
989 2811 1024 2862 ⁷0

57 2875 98 2944 Su
123 2880 262 2964 picibus
283 2881 400 2964 palmis
422 2884 491 2945 tum
513 2881 640 2946 demum
662 2881 703 2946 ad
723 2881 854 2946 foedera
875 2883 957 2964 veni,

96 2903 181 3030 gum
202 2965 255 3028 vix
276 2965 456 3062 tangendos
477 2966 626 3049 praebuit
647 2966 702 3029 illa
722 2966 834 3050 pedes,

11 3065 12 3128 ᾗ
55 3047 163 3134 Atque
186 3049 233 3111 ait
253 3048 422 3113 ‘admissae
444 3049 472 3112 si
493 3051 542 3113 vis
563 3071 615 3113 me
637 3051 803 3134 ignoscere
825 3050 945 3134 eulpae,

11 3167 12 3216 q
95 3133 228 3215 Accipe,
272 3154 331 3198 uae
353 3136 482 3198 nostrae
504 3133 642 3198 formula
663 3133 744 3218 legis
767 3134 836 3198 erit.

11 3223 14 3364 Ι
55 3213 104 3280 Tu
125 3237 229 3299 neque
251 3155 403 3300 iompeia
425 3217 603 3302 spatiabere
625 3211 728 3281 cultus
749 3218 785 3281 in
805 3218 928 3302 umbra,
987 3233 1020 3282 75

11 3379 12 3384 γ
95 3300 167 3366 Nec
189 3322 261 3364 eum
282 3301 435 3366 lascivum
457 3304 578 3366 sternet
599 3323 695 3366 arena
715 3302 831 3368 forum.

11 3417 12 3464 r
55 3381 148 3448 (tolla
170 3405 245 3449 eave
266 3385 409 3450 inflectas
432 3387 473 3452 ad
495 3409 653 3452 summum
668 3387 797 3472 obliqua
817 3387 978 3454 theatrum

11 3491 12 3494 ¹
95 3470 165 3533 Aut
186 3468 299 3535 lectica
319 3473 392 3534 tuae
415 3461 499 3536 sidat
520 3475 629 3557 aperta
649 3493 768 3538 morae.
