2470 4010
50 217 143 290 m]
428 237 430 246 ι
485 215 599 274 LIBER.

143 377 215 443 Vos
234 375 310 442 hinc
332 376 454 440 interea
477 376 607 462 (valete)
631 377 715 440 abite

142 462 242 543 Illuc,
263 461 347 526 unde
369 461 489 524 malum
511 460 624 545 pedem
647 459 813 542 attulistis,

145 545 252 611 Saecli
272 545 489 626 incommoda,
512 544 643 628 pessimi
664 549 786 630 poetae.

470 685 622 694 -ρ

473 757 609 833 ΧΠΠῦ.

148 881 238 964 Siqui
259 863 343 945 forte
364 901 507 944 mearum
528 882 721 966 ineptiarum

146 965 296 1030 Lectores
319 965 406 1029 eritis
427 987 603 1050 manusque
624 969 745 1030 vestras
993 972 1029 1025 25

146 1048 225 1115 Non
245 1048 417 1114 horrebitis
439 1050 606 1114 admovere
626 1051 796 1180 nobis?

286 1157 304 1198 e
430 1160 448 1198 a
575 1161 593 1198 s

470 1255 622 1266 ——u-——u

507 1348 584 1421 XV.

149 1469 346 1536 Commendo
369 1470 428 1534 tibi
450 1493 501 1534 me
523 1493 560 1536 ac
581 1494 670 1536 meos
692 1493 830 1552 amores,

149 1555 272 1619 Aureli.
306 1555 433 1618 veniam
454 1559 529 1638 peto
550 1557 737 1640 pudentem,

149 1639 210 1720 Vt,
233 1639 260 1702 si
282 1639 450 1721 quicquam
472 1640 579 1704 animo
601 1644 657 1704 tuo
680 1641 811 1724 cupisti,

149 1723 244 1798 Quod
266 1725 388 1786 castum
410 1727 572 1808 expeteres
595 1729 627 1788 et
648 1725 849 1808 integellum,

149 1808 328 1872 Conserves
349 1829 482 1890 puerum
504 1808 584 1871 mihi
605 1810 732 1891 pudice,
1013 1818 1031 1870 5

147 1891 226 1956 Non
249 1890 319 1954 dico
342 1892 516 1976 apopu10:
539 1891 621 1955 nihil
642 1913 787 1956 veremur

149 1975 237 2040 Istos
243 2024 252 2058 ,
275 1976 330 2058 qui
351 1977 386 2039 in
407 1977 514 2059 platea
534 1976 630 2040 modo
652 1976 715 2040 huc
736 1975 831 2040 modo
853 1975 929 2039 illuc

148 2059 191 2124 In
212 2081 246 2123 re
267 2063 471 2143 praetereunt
493 2082 551 2124 sua
572 2062 733 2144 occupati:

148 2143 272 2208 Verum
294 2165 313 2206 a
333 2147 366 2208 te
387 2148 495 2208 metuo
517 2150 637 2229 tuoque
658 2167 739 2230 pene

149 2228 274 2292 Infesta
296 2229 402 2312 pueris
424 2230 517 2292 bonis
538 2231 703 2313 malisque.
1000 2241 1033 2292 10

151 2313 254 2386 Quem
276 2316 312 2375 tu
334 2333 396 2396 qua
416 2314 519 2395 lubet,
541 2319 578 2377 ut
598 2315 701 2395 iubet,
723 2317 867 2392 moveto,

152 2397 314 2472 Quantum
335 2397 400 2479 vis,
423 2397 479 2460 ubi
501 2399 562 2461 erit
582 2399 676 2480 foris,
698 2403 858 2482 paratum:

150 2481 248 2544 Hunc
270 2503 370 2544 unum
392 2482 531 2566 excipi0,
553 2485 591 2562 ut
610 2487 703 2566 puto,
726 2483 890 2567 pudenter.

152 2565 245 2640 Quod
267 2566 295 2628 si
316 2569 348 2628 te
368 2566 454 2628 mala
475 2587 565 2630 mens
587 2567 738 2650 furorque
760 2588 870 2631 vecors
968 2588 978 2604 ·

151 2649 190 2712 In
213 2653 336 2713 tantam
358 2650 523 2734 inpulerit,
547 2653 693 2733 sceleste,
717 2652 858 2734 culpam,
1001 2661 1034 2713 15

152 2733 199 2797 Vt
218 2737 364 2798 nostrum
386 2735 511 2798 insidiis
534 2738 629 2819 caput
650 2737 801 2816 lacessas,

154 2818 185 2881 A
206 2820 277 2881 tum
297 2821 330 2881 te
351 2819 502 2883 miserum
523 2821 661 2903 malique
683 2821 756 2902 sati,

154 2902 258 2977 Quem
280 2904 423 2967 attractis
445 2903 579 2987 pedibus
601 2907 730 2987 patente
752 2904 846 2985 porta

152 2985 345 3051 Percurrent
365 2986 562 3071 raphanique
584 2989 793 3072 mugilesque.

476 3125 630 3136 ——.-.—-

502 3201 597 3275 XVI.

153 3325 314 3392 Pedicabo
337 3349 397 3412 ego
418 3349 477 3392 vos
499 3331 532 3392 et
552 3326 736 3411 inrumcbc,

154 3413 267 3474 Aureli
288 3411 416 3496 pathice
438 3416 470 3476 et
492 3413 621 3477 cinaede
642 3411 733 3491 Furi,

155 3496 219 3572 Qui
240 3519 292 3560 me
314 3518 353 3560 ex
374 3497 536 3561 versiculis
558 3497 638 3560 meis
659 3496 811 3578 putastis,
