2470 4010
199 201 244 268 44
609 204 761 262 curvam
1041 205 1150 276 [111111.
1210 265 1211 270 Ν

308 367 434 434 ‘Sicine
455 389 506 431 me
528 367 640 451 patriis
664 370 821 450 avectam,
845 367 977 452 perfide,
999 369 1039 432 ab
1060 367 1133 452 oris,
1201 381 1211 434 Α

264 453 402 536 Perfice,
425 452 549 516 deserto
572 453 695 536 liquisti
716 452 751 516 in
771 453 880 536 litore,
903 453 1046 518 Theseu?
1210 465 1211 468 ’

266 537 371 602 Sicine
394 537 556 602 discedens
579 537 726 622 neglecto
748 537 879 602 numine
901 537 1008 602 divom
1210 603 1211 609 ,

203 634 251 685 135
263 622 424 686 Inmemor
444 644 479 706 a,
501 622 615 688 devota
637 621 766 684 domum
781 621 926 768 periuria
946 622 1077 705 portas?
1210 653 1211 670 ¹

263 707 404 772 Nullane
425 729 476 770 res
497 692 603 789 peaes
625 705 760 770 crudelis

805 709 908 770 ectere
929 708 1046 772 mentis

266 790 465 856 Consilium?
488 791 548 855 tibi
569 791 658 854 nulla
679 790 741 854 fuit
762 790 931 854 clementia
950 794 1093 874 praesto,

264 875 381 942 Inmite
403 880 439 940 ut
459 875 561 940 nostri
583 875 680 938 vellet
700 875 903 940 miserescere
925 876 1058 958 peetus?

264 963 310 1026 At
330 983 398 1026 non
418 959 497 1024 haec
519 959 678 1042 quondam
699 959 793 1022 nobis
814 959 972 1043 promissa
993 960 1118 1041 dedisti,

202 1058 252 1108 140
262 1046 368 1110 Vane:
390 1044 469 1108 mihi
490 1066 557 1108 non
580 1042 659 1108 haec
679 1044 813 1108 miserae
835 1066 962 1128 sperare
984 1045 1123 1127 iubebas,

266 1130 327 1196 sed
350 1129 486 1194 conubia
508 1129 606 1212 laeta,
630 1127 685 1192 sed
707 1132 835 1212 optatos
856 1129 1065 1212 hymenaeos:

265 1214 353 1290 Quae
376 1217 489 1278 cuncta
511 1214 588 1278 aerii
610 1213 795 1297 discerpunt
814 1213 905 1278 irrita
925 1215 1022 1278 venti.

264 1299 332 1364 lam
354 1300 418 1364 iam
439 1300 528 1363 nulla
549 1299 617 1362 viro
639 1298 758 1362 iuranti
779 1298 899 1362 femina
921 1299 1042 1382 eredat,

263 1384 363 1451 Nulla
384 1384 444 1448 viri
465 1386 571 1467 speret
592 1404 754 1448 sermones
776 1404 845 1446 esse
866 1383 990 1468 fideles;
1130 1449 1131 1454 ,
1208 1427 1211 1462 r

201 1479 250 1530 145
263 1468 341 1544 Quis
357 1469 432 1532 dum
447 1467 567 1552 aliquid
582 1469 711 1551 cupiens
727 1467 850 1531 animus
864 1469 1041 1552 praegestit
1056 1467 1152 1552 apisci,
1208 1543 1209 1548 γ

263 1553 321 1617 Nil
342 1556 489 1618 metuunt
509 1554 626 1634 iurare,
649 1551 731 1615 nihil
751 1553 938 1635 promittere
959 1557 1105 1636 parcunt:

266 1637 328 1701 Sed
351 1637 483 1700 simulac
505 1637 637 1719 cupidae
659 1637 775 1700 mentis
799 1636 914 1700 satiata
935 1636 1079 1720 libinose,

263 1721 359 1786 Dicta
379 1721 462 1786 nihil
483 1721 670 1804 meminere,
692 1720 776 1807 nihil
794 1722 933 1804 periuria
955 1726 1075 1786 curant.

266 1805 361 1872 Certe
384 1828 444 1893 ego
466 1809 498 1871 te
520 1807 555 1870 in
575 1804 680 1870 medio
703 1809 882 1870 versantem
903 1806 1031 1871 timbine
1052 1806 1104 1870 leti

202 1890 391 1975 150Eripui,
414 1894 447 1956 et
467 1892 574 1974 potius
597 1911 783 1974 germanum
806 1891 951 1956 amittere
968 1892 1071 1974 crevi,

202 2005 204 2008 ·
264 1975 367 2049 Quam
387 1975 448 2038 tibi
469 1976 575 2038 fallaci
598 1995 744 2057 supremo
767 1974 966 2056 intempore
989 1975 1116 2040 dessem.

264 2059 326 2121 Pro
350 2079 412 2140 quo
436 2058 636 2123 dilaceranda
656 2059 732 2122 feris
755 2059 854 2122 dabor
876 2057 1065 2143 alitibusque

152 2219 155 2223 .
264 2141 400 2222 Praeda,
423 2164 525 2226 neque
547 2143 665 2206 iniecta
685 2143 867 2206 tumulabor
888 2147 1014 2208 mortua
1035 2147 1123 2207 terra.

265 2225 428 2300 Quaenam
448 2228 481 2289 te
502 2227 614 2310 genuit
635 2227 703 2290 sola
726 2227 784 2290 sub
805 2249 883 2310 rupe
905 2227 1037 2292 leaena?

201 2321 249 2372 155
262 2309 354 2385 Quod
375 2331 463 2373 mare
485 2313 674 2394 conceptum
689 2313 909 2394 spumantibus
925 2313 1034 2395 expuit
1047 2309 1153 2374 undis?

239 2407 241 2412 '
265 2394 352 2469 Quae
376 2393 493 2477 Syrtis,
517 2416 597 2478 quae
613 2393 719 2478 Scylla
740 2418 956 2544 rapaxbdqude
977 2399 1067 2461 vasta
1080 2393 1154 2462 dhe

887 2504 914 2544 11

263 2563 354 2626 Talia
376 2564 430 2648 qui
450 2562 557 2628 reddis
578 2585 635 2648 pro
659 2565 745 2629 dulci
765 2565 907 2648 praemia
928 2566 1003 2630 vita.

264 2645 299 2712 Si
318 2648 380 2712 tibi
400 2670 467 2713 non
490 2649 577 2713 cordi
599 2649 726 2712 fueraut
747 2649 883 2714 conubia
904 2654 1030 2732 nostra,

263 2731 363 2798 Saeva
386 2734 471 2816 quod
492 2732 644 2798 horrebas
666 2735 764 2816 pmsci
785 2739 955 2818 praecepta
974 2734 1128 2818 parentis,

200 2831 249 2879 reo
260 2817 306 2881 At
326 2821 435 2882 tamen
455 2817 491 2882 in
511 2819 635 2880 vostras
657 2818 790 2900 potuisti
813 2819 926 2883 ducere
948 2819 1053 2901 abdas,

263 2901 349 2977 Quae
370 2902 430 2967 tibi
452 2902 588 2968 iucundo
611 2902 781 2966 famularer
803 2925 893 2966 serva
913 2904 1036 2986 labore,

263 2985 407 3050 Candida
428 2988 628 3070 permulcens
650 2986 780 3070 liquidis
801 2987 939 3072 vestigia
959 2987 1098 3071 lymphis

261 3068 462 3152 Purpureave
484 3079 574 3137 tuum
597 3076 803 3137 consternens
825 3075 912 3136 veste
935 3073 1046 3136 cubile.

262 3152 325 3216 Sed
347 3154 422 3236 quid
445 3176 504 3238 ego
526 3157 648 3240 ignaris
659 3157 858 3242 ,nequiquam
879 3174 1055 3240 conqueror
1069 3157 1152 3237 auris,

199 3235 436 3300 165Externata
457 3239 556 3320 male,
580 3263 660 3322 quae
681 3241 779 3304 nullis
801 3240 946 3305 sensibus
969 3237 1078 3306 aiictae

262 3320 331 3384 Nee
351 3321 467 3383 missas
490 3323 597 3385 audire
620 3327 741 3405 queunt
761 3345 821 3389 nec
842 3324 973 3388 reddere
995 3325 1108 3389 voces?

262 3403 322 3465 Ille
345 3406 451 3466 autem
473 3425 571 3487 prope
593 3406 658 3467 iam
679 3407 792 3471 mediis
813 3411 957 3472 versatur
977 3409 1013 3474 in
1033 3409 1137 3492 undis,

260 3485 330 3550 Nec
353 3485 521 3573 quisquam
543 3486 673 3574 adparet
695 3511 794 3552 vacua
815 3493 959 3556 mortalis
981 3495 1017 3558 in
1038 3495 1119 3580 algo.
