2470 4010
392 258 508 314 LIBER.
538 273 540 276 ’
890 253 932 319 53

108 425 124 486 ·i
147 425 223 486 tum
244 423 315 486 toto
337 423 467 504 pectore
488 421 644 486 sollicitae

108 532 110 566 ι
136 507 259 590 ereptis
281 527 371 570 mens
394 505 524 602 excidit!
549 509 582 569 at
602 509 634 570 te
657 525 716 602 ego
739 508 823 570 certe
899 517 932 567 25

108 613 191 656 >ram
213 613 234 654 a
255 611 353 673 parva
373 611 498 674 virgine
519 611 766 674 magnanimem.

108 697 204 739 inum
227 673 353 739 oblita's
374 673 513 771 facinus,
537 695 599 758 quo
614 675 738 771 ¹regium
753 675 891 758 adepte's

109 757 880 926 grhlhliistaqiimfflnittiehldsqdddlieihdiocata’sl

108 951 166 1010 zer,
189 931 229 991 ut
249 928 335 991 tristi
356 927 478 991 lumina
499 949 593 1010 saepe
613 929 725 992 manu!
900 939 935 988 30

117 1013 258 1076 mutavit
279 1014 387 1075 tautus
411 1012 509 1075 deus?
532 1034 573 1075 an
594 1011 680 1095 quod
702 1014 844 1076 amantes

108 1099 206 1181 longe
229 1119 249 1159 a
271 1117 343 1160 caro
368 1117 499 1178 corpore
521 1095 631 1160 abesse
653 1096 786 1159 volunt?

108 1183 140 1244 bi
162 1203 215 1244 me
239 1181 361 1245 cunctis
382 1201 441 1263 pro
464 1180 548 1244 dulci
571 1180 706 1290 coniuge
728 1180 809 1244 divis

108 1267 177 1329 sine
199 1266 327 1328 taurino
350 1265 505 1349 sanguine
526 1264 712 1348 pollicitae,

109 1354 179 1413 tum
201 1347 370 1413 tetulissel.
407 1349 435 1412 is
457 1348 536 1412 haut
556 1349 593 1412 in
612 1352 757 1432 tempore
778 1349 876 1433 longo
902 1361 935 1409 35

108 1458 146 1497 un
168 1435 282 1498 Asiam
303 1433 445 1517 Aegypti
466 1433 583 1498 finibus
605 1433 777 1498 addiderat.

108 1542 131 1581 ὀ
154 1540 214 1602 pro
237 1518 330 1582 fectis
353 1518 481 1581 caelesti
502 1518 626 1582 reddita
648 1520 741 1584 coetu

110 1625 152 1666 na
173 1605 249 1666 vota
270 1623 355 1666 novo
376 1623 507 1666 munere
528 1602 680 1667 dissoluo.

114 1709 132 1750 0
155 1687 285 1772 regina,
306 1689 363 1750 tuo
386 1687 425 1750 de
447 1687 564 1750 vertice
587 1687 683 1769 cessi,

108 1795 132 1835 ιε
155 1770 265 1834 adiuro
287 1773 381 1852 teque
402 1774 554 1853 tuomque
576 1793 613 1834 oa
636 1772 686 1852 ut,
904 1781 939 1830 40

108 1858 184 1919 ierat
204 1855 289 1937 quod
311 1854 410 1937 siquis
433 1855 572 1918 inaniter
592 1793 757 1918 adimarit:

108 1941 153 2022 pui
176 1960 209 2002 se
231 1939 314 2002 ferro
337 1938 478 2022 postulet
499 1959 568 2002 esse
589 1938 720 2020 parem?

108 2045 178 2107 >que
199 2045 324 2087 eversus
345 2043 439 2086 mons
461 2026 523 2106 est,
545 2021 826 2170 querpnmaximum
840 2022 876 2086 in

581 2128 617 2170 or
640 2130 652 2170 1

108 2193 190 2256 enies
210 2192 311 2257 Thiae
334 2194 419 2258 clara
441 2189 676 2275 supervehitur,

109 2277 158 2340 edi
173 2299 322 2362 peperere
335 2299 453 2342 novom
468 2298 565 2360 mare,
588 2298 722 2359 cumque
736 2277 883 2340 iuventus
905 2286 937 2336 45

108 2361 240 2425 medium
261 2363 355 2426 classi
377 2362 512 2425 barbara
531 2361 621 2424 navit
642 2360 762 2425 Athon.

108 2447 200 2509 soient
222 2446 339 2527 crines,
362 2467 434 2510 oum
456 2445 540 2510 ferro
562 2445 639 2509 tolia
661 2445 797 2509 cedant?

108 2532 176 2612 iter,
197 2533 232 2594 ut
254 2529 421 2614 Chalybon
443 2550 537 2594 omne
559 2551 660 2614 genus
681 2531 806 2611 pereat,

120 2614 274 2698 principio
298 2615 356 2678 sub
379 2618 463 2678 terra
484 2635 633 2698 quaerere
656 2633 753 2676 venas

108 2700 143 2761 tit
163 2699 295 2762 ecferri
315 2698 464 2783 frangere
486 2699 648 2761 duritiem!
907 2705 941 2754 50

108 2785 157 2845 tae
178 2783 271 2866 paulo
294 2786 368 2847 ante
391 2804 499 2846 comae
521 2804 592 2846 mea
613 2781 682 2845 fata
703 2801 828 2844 sorores

108 2868 200 2949 ibant,
223 2889 294 2930 cum
317 2889 350 2930 se
372 2867 555 2930 Memnonis
577 2865 747 2959 Aethiopis

108 2951 754 3116 illaillatrullissetur

108 3141 155 3201 per
175 3119 327 3184 aetherias
348 3141 399 3182 me
421 3118 538 3182 tollens
561 3117 666 3180 avolat
687 3116 815 3180 umbras
909 3123 943 3177 55

108 3203 219 3267 teneris
241 3207 328 3268 casto
351 3204 488 3269 collocat
509 3202 544 3266 in
564 3201 697 3286 gremio.

108 3311 170 3350 rum
191 3287 368 3372 Zephyritis
391 3310 429 3351 eo
450 3287 606 3351 famulum
627 3287 766 3371 legarat,

108 3394 126 3434 a
147 3372 311 3456 Canopieis
332 3373 439 3437 incola
460 3371 616 3436 litoribus.

108 3457 128 3520 ii
147 3479 205 3520 ven
224 3457 269 3520 ibi
291 3457 379 3519 vario
402 3478 444 3519 ne
466 3457 570 3520 solum
591 3456 626 3518 in
648 3454 768 3518 lumine
791 3451 870 3516 caeli

108 3539 260 3605 Ariadneis
282 3561 377 3604 aurea
398 3539 595 3623 temporibus
911 3544 944 3593 60
