2486 4010
230 238 292 304 118
524 242 719 298 Pnopnnsn
739 243 847 296 nuum
866 241 903 298 v.
1115 241 1180 312 [xi]

293 405 349 470 sat
384 405 442 468 tibi
482 404 549 469 sint
583 409 715 488 nostes,
752 426 851 552 quasf
866 403 905 500 da
940 424 1007 486 me,
1042 403 1155 485 Paulis,

847 491 965 572 anges,

334 573 527 657 Somniaqua
547 573 582 636 in
603 573 718 638 faciem
738 572 863 638 reddita
890 593 984 655 saepe
1005 593 1123 637 meam:

291 658 398 741 Atque
419 658 474 721 ubi
496 661 618 722 secreto
639 661 750 721 nosiua
771 656 811 720 ad
831 657 1000 721 simulacra
1020 655 1161 739 loqueris,

333 743 379 806 Vt
399 763 608 826 responsurae
630 742 757 826 singula
781 741 877 804 verba
898 742 974 804 iace.

242 837 275 887 85
292 824 355 890 Seu
376 831 484 890 tamen
506 826 672 890 adversum
693 826 826 888 mutarit
845 826 941 889 ianua
961 824 1089 906 lenium,

334 909 458 974 Sederit
479 913 512 973 et
531 913 643 973 nostro
665 913 757 973 sauia
776 929 914 973 noverea
933 912 1015 991 toro,

271 1003 275 1012 '
291 991 495 1078 Coniugium,
517 995 622 1090 puen',
637 995 658 1075 †
672 993 798 1058 laudate
821 997 853 1056 ai
867 993 948 1058 farte
962 996 1143 1076 paternum:

333 1078 436 1162 Capta
457 1078 548 1142 dabli
568 1078 682 1142 vestris
702 1077 846 1142 moribus
868 1077 925 1140 illa
945 1099 1069 1141 manus.
1122 1105 1125 1112 ·

290 1161 360 1228 Nea
381 1164 516 1226 matrem
537 1161 664 1226 laudate
684 1161 796 1226 nimis:
819 1161 936 1225 collata
956 1161 1056 1245 priori

241 1257 275 1306 90
330 1245 443 1309 Vertat
464 1246 499 1308 in
521 1245 659 1309 offensas
683 1245 783 1309 libera
803 1245 900 1310 verba
921 1267 1003 1309 suas.

291 1327 352 1393 Seu
374 1349 495 1393 memor
516 1329 571 1392 ille
593 1350 665 1393 mea
678 1332 848 1393 contentus
864 1330 1019 1394 manserit
1040 1331 1148 1396 umbra

332 1413 377 1477 Et
397 1414 481 1476 tanii
504 1413 625 1477 cineres
647 1413 773 1478 duxerit
794 1435 864 1478 esse
885 1435 984 1496 meos,

289 1497 412 1562 Discite
432 1501 600 1566 venturam
620 1497 685 1562 iam
705 1519 792 1562 nuno
818 1499 918 1562 lenire
939 1501 1109 1581 sensatum,

332 1581 470 1646 anlibis
492 1581 533 1645 sd
555 1585 646 1646 curas
667 1603 727 1646 nea
749 1585 840 1646 vacet
861 1583 927 1645 ulla
948 1583 1008 1646 via.

240 1679 273 1728 9⁶
289 1665 381 1742 Quod
412 1665 492 1730 mihi
525 1664 754 1749 detractum,
792 1668 914 1730 vestros
947 1666 1077 1731 accedat
1105 1667 1142 1730 ad

455 1785 457 1788 ·
832 1770 950 1814 annos:

331 1833 426 1899 Prole
447 1855 518 1898 mea
538 1833 685 1898 Paullum
707 1834 752 1898 sic
773 1834 860 1899 iuvat
879 1855 950 1900 esse
972 1856 1090 1900 senem.

289 1918 334 1984 Es
368 1919 448 1983 bene
484 1917 603 1983 habai:
645 1939 819 2002 numquam
854 1922 958 2016 maten
999 1918 1143 2004 lugubria

833 2024 903 2066 sum
927 2025 969 2066 s1:

333 2087 432 2151 Venit
452 2088 487 2150 in
509 2087 657 2170 exequias
679 2089 749 2150 tota
771 2024 1013 2154 catervapmeas.

289 2168 393 2235 Causa
414 2174 600 2254 peroratasn
622 2171 734 2236 flentes
756 2191 808 2234 me
830 2171 960 2256 surgite,
983 2175 1090 2253 testes,

227 2266 276 2315 100
332 2251 418 2316 Dum
439 2255 579 2336 pretium
601 2256 685 2318 vitae
707 2257 799 2339 graia
819 2255 966 2339 rependit
988 2254 1110 2320 humus,

288 2335 432 2401 Moribus
455 2340 488 2400 et
509 2338 631 2401 caelum
651 2339 769 2420 patuit:
792 2338 853 2402 sim
875 2338 972 2423 digna
993 2339 1151 2420 merend0,

332 2418 430 2486 Cuius
452 2419 617 2484 honoratis
633 2442 707 2486 ossa
727 2420 885 2487 vehantur
906 2423 983 2486 avis.

291 2859 399 2916 Perisse
418 2859 557 2928 quaedam
575 2875 609 2914 ex
617 2858 756 2929 Propertii
766 2859 845 2914 libris
863 2859 931 2914 satis
950 2862 1071 2915 constat:
1090 2877 1182 2929 quam-

225 2960 310 3014 quam
330 2946 491 3013 fragmenta
512 2958 584 3012 quae
606 2944 668 2998 tuto
695 2944 784 3013 possis
807 2945 910 2999 referre
933 2945 971 2998 ad
995 2946 1117 3000 carmina
1139 2944 1183 2998 de·

225 3029 337 3098 perdita
353 3045 409 3084 non
428 3030 532 3084 extant.
568 3029 641 3083 Nam
656 3029 798 3098 Fulgeniii
814 3046 904 3096 nugas
922 3030 995 3098 [563,
1015 3035 1039 3084 Ἰ.
1058 3035 1118 3094 564,
1140 3030 1181 3095 27]

224 3129 281 3166 non
298 3128 400 3168 moron.
434 3113 493 3167 Nes
509 3111 539 3166 id
556 3112 669 3177 mirum
689 3114 820 3181 quoniam
834 3129 894 3169 non
912 3113 1001 3168 minus
1019 3131 1083 3168 raro
1101 3129 1183 3182 quam

224 3191 329 3248 Tibulli
348 3196 406 3250 sius
423 3197 456 3250 fit
472 3195 577 3251 mentio
596 3196 671 3266 apud
688 3202 804 3253 veteres.

543 3435 854 3448 &w
