2468 4036
14 3331 15 3356 l

14 3435 16 3458 1

14 3477 15 3492 l

14 3507 16 3596 l

14 3609 17 3732 1

14 3757 17 3900 v

48 254 110 325 1.]
367 337 368 341 ¹
466 251 575 308 1111111
594 252 633 310 n·
990 247 1034 314 33

51 416 156 483 Haec
178 415 294 480 cecinit
313 417 402 480 vates
425 417 457 480 et
477 417 510 480 te
533 415 610 498 sibi,
633 415 776 500 Phoebe,
799 416 940 499 vocavit,
998 426 1033 478 15

107 502 246 566 lactavit
266 501 354 564 fusas
376 503 409 564 et
431 503 526 584 caput
546 503 621 564 ante
644 521 760 564 comas.

57 585 229 668 Quidquid
249 585 435 666 Amalthea,
458 583 611 668 quidquid
631 583 792 668 Marpesia
813 585 893 648 dixit

108 668 286 753 Herophilo
291 719 301 753 7
322 668 428 752 Phyto
451 668 608 752 Graiaque
631 670 717 752 quod
738 669 879 750 monuit,

58 754 216 837 Quasque
241 754 365 818 Aniena
386 775 491 817 sacras
513 753 628 817 Tiburs
650 775 707 837 per
728 753 860 816 flumina
881 755 983 817 sortes

109 838 251 902 Portsrit
271 838 358 902 sicco
378 838 605 920 pertuleritque
627 838 713 921 sinu,
1000 849 1034 898 ἰο

60 923 172 1008 (Η111
193 923 262 986 fore
284 921 431 986 dixerunt
452 921 529 986 belli
550 923 635 986 111111
656 922 750 1006 signa
772 923 931 1003 cometen,

108 1006 233 1070 Multus
254 1006 345 1071 111111
365 1009 465 1070 terres
488 1005 710 1090 deplueretque
734 1007 831 1089 lapis:

60 1092 175 1174 Atque
197 1090 289 1154 tubas
311 1094 406 1173 atque
428 1112 517 1154 arma
537 1091 645 1154 lenmt
666 1091 867 1174 strepitantia
889 1089 978 1154 eaelo

107 1174 232 1240 Audita
253 1177 285 1238 et
306 1175 394 1239 lucos
416 1176 630 1258 praecinuisse
650 1175 777 1260 fugem,

62 1259 111 1324 Et
132 1259 303 1324 simulacra
324 1259 418 1324 deum
439 1260 583 1324 lacrimas
605 1259 724 1324 fudisse
744 1261 890 1344 tepentes
1000 1270 1034 1319 ⁷⁷

109 1343 253 1426 Fataque
275 1344 401 1408 vocales
423 1344 660 1427 praemonuisse
681 1345 794 1427 boves,
1001 1355 1034 1404 78

64 1427 178 1511 Ipsum
200 1427 295 1492 etiam
317 1425 425 1493 Solem
447 1428 605 1492 defectum
625 1428 746 1492 lumine
766 1428 848 1492 vidit
1001 1438 1034 1488 aa

109 1510 249 1596 Iungere
270 1511 426 1595 pallentes
446 1513 575 1576 nubilus
598 1534 700 1576 annus
722 1514 834 1596 equos)
1000 1524 1034 1572 aa

65 1595 159 1660 Haeo
179 1596 309 1668 fuerumt
330 1597 423 1660 olim:
446 1597 502 1661 sed
522 1599 559 1660 tu
580 1596 644 1660 iem
666 1597 769 1678 mitis,
791 1596 926 1680 Apelle,

108 1680 263 1765 Prodigia
283 1680 447 1746 indomitis
469 1702 577 1765 merge
599 1680 659 1744 sub
681 1681 885 1763 aequoribus:
999 1692 1033 1740 80

65 1765 112 1830 Et
134 1785 287 1830 succensa
308 1767 407 1829 saeris
430 1766 564 1849 crepitet
583 1765 666 1829 bene
686 1764 795 1828 laurea
815 1764 966 1846 flammis,

111 1849 228 1913 Omine
250 1871 312 1932 quo
334 1850 412 1913 felix
434 1853 466 1913 et
487 1870 577 1913 sacer
599 1871 701 1913 annus
724 1849 793 1914 erit.

65 1933 192 1998 Laurus
213 1934 270 1998 ubi
290 1934 375 1998 bona
396 1934 489 2018 signa
510 1933 611 2016 dedit,
633 1933 769 2018 gaudete
792 1932 912 1997 coloni:

109 2017 283 2082 Distendet
303 2018 399 2101 spicis
420 2017 534 2082 horrea
554 2018 651 2101 plena
673 2016 782 2100 01111,

69 2102 198 2167 Oblitus
221 2105 254 2165 et
273 2106 378 2166 musto
400 2102 494 2166 feriet
514 2103 594 2185 pede
615 2103 752 2166 rusticus
774 2123 867 2185 uvas,
992 2112 1034 2162 v85

110 2187 210 2251 Dolia
231 2185 306 2249 dum
327 2209 360 2250 m
426 2187 437 2250 i
459 2187 669 2270 deficiantque
690 2186 787 2250 lacus.
1069 2202 1071 2208 ’

70 2271 116 2336 nt
138 2269 285 2334 madidus
306 2207 434 2334 Badlll
457 2292 515 2335 sua
535 2272 617 2336 festa
636 2271 751 2336 Pelilie
772 2273 881 2354 pastor

112 2355 285 2420 Concinet:
313 2377 332 2418 a
353 2355 487 2420 stabulis
508 2357 586 2420 tunc
607 2355 719 2440 procul
741 2359 808 2420 este
829 2355 906 2439 lupi.

70 2439 129 2503 Ille
151 2439 230 2504 levis
253 2439 388 2523 stipulae
410 2440 581 2504 sollemnes
602 2445 697 2525 potus
719 2461 848 2504 acervos

112 2523 295 2606 Ascendet,
316 2523 459 2588 flammas
480 2525 700 2608 transilietque
722 2546 846 2605 sacras,
1002 2535 1038 2588 10

70 2607 115 2671 Et
135 2609 220 2672 fetus
241 2611 389 2672 matrona
411 2608 512 2688 debit,
537 2611 693 2692 natusque
715 2609 841 2692 parenti

114 2691 232 2756 Oscula
253 2693 438 2776 conprensis
459 2693 586 2758 auribus
609 2693 737 2775 eripiet,

72 2775 141 2842 Nec
162 2777 304 2842 taedebit
325 2799 419 2841 avum
441 2799 538 2861 parvo
562 2777 738 2860 advigilare
759 2776 870 2859 nepoti

113 2861 277 2944 Balbaque
300 2882 372 2925 oum
393 2882 492 2944 puero
515 2861 618 2925 dicere
641 2861 737 2924 verba
758 2882 876 2926 senem.

73 2942 164 3010 'luno
186 2949 316 3028 operata
338 2946 396 3010 deo
417 2945 518 3029 pubes
540 2945 718 3009 discumbet
738 2946 773 3008 in
793 2944 907 3029 herba,
1004 2956 1038 3006 95

114 3030 249 3093 Arboris
272 3031 420 3114 antiquae
442 3051 505 3113 qus
526 3029 605 3094 levis
626 3029 740 3092 umbre
761 3028 861 3113 cadit,

74 3113 140 3176 Aut
161 3136 179 3178 e
201 3117 289 3195 veste
311 3137 369 3178 sua
389 3112 524 3179 tendent
544 3113 729 3178 umbracula
750 3113 843 3178 sertis

114 3197 248 3281 Vincta,
271 3202 441 3264 coronatus
464 3199 562 3262 stabit
583 3201 710 3262 stante
733 3198 823 3262 111111.

75 3281 119 3344 At
140 3283 203 3347 sibi
224 3283 357 3367 quisque
379 3284 475 3367 dapes
498 3287 530 3347 et
551 3283 648 3348 festas
671 3285 795 3348 extruet
816 3284 879 3350 alte

117 3365 298 3451 Oespitibns
320 3389 447 3432 mensas
470 3368 640 3452 oespitibns
664 3389 704 3431 ue
724 3371 838 3432 torum.
991 3380 1041 3430 100

77 3447 203 3598 Inponet
224 3451 277 3516 hio
299 3455 394 3536 potus
415 3453 537 3516 iuvenis
560 3453 642 3517 male
667 3454 728 3516 'cta
748 3454 888 3536 puellae,

144 3538 195 3599 ost
214 3536 311 3601 modo
334 3559 414 3620 quae
435 3537 519 3602 votis
541 3537 631 3602 irrita
652 3537 738 3600 11111
758 3537 850 3600 velit:

126 3638 249 3681 namn.
872 3642 889 3688 3
