2444 4056
193 273 279 320 ax1v
571 259 785 320 PRAEFATIO·

193 449 267 490 num
287 448 353 489 cum
374 429 447 489 adeo
466 449 527 490 non
547 427 681 490 ¹fuissent
706 432 926 506 contemptores
951 433 1025 492 artis
1049 431 1148 493 vetem

193 515 328 588 Latinae,
349 517 388 573 ut
403 515 486 574 illem
506 515 606 590 potius
626 514 916 592 novellaelegentia
934 517 1148 592 perpoliendam
1206 557 1207 562 η

194 617 283 674 quam
292 599 411 674 penitus
423 599 607 658 abiciendam
617 599 833 672 existimarent,
841 597 978 660 Catullus
989 619 1057 658 cum
1064 599 1148 660 Cinna

195 682 345 758 Caluoque
366 685 398 742 et
411 683 555 742 Bibaculo
574 686 606 742 at
626 683 704 757 siqui
724 683 807 742 fuere
823 683 990 742 studiorum
1005 687 1148 744 consortes

194 769 230 826 ut
243 766 406 827 dictionum
420 768 463 826 ita
473 768 614 826 metricae
625 768 764 841 antiquae
776 768 997 842 apertissimum
1008 767 1149 827 declarant

194 850 335 910 taedium.
370 852 468 928 Igitur
491 869 553 910 non
577 850 730 910 varietatis
755 851 851 927 magis
878 854 1044 910 metrorum
1068 871 1147 928 quam

194 935 402 994 concinnitatis
417 952 451 993 ac
464 935 570 993 nitoris
585 934 694 1009 ubique
709 935 794 993 fuere
809 935 943 1009 studiosi,
965 936 1023 994 toti
1037 936 1148 1010 quidem

194 1019 373 1078 conformati
392 1018 438 1076 illi
459 1017 497 1075 ad
517 1018 715 1076 imitationem
731 1017 921 1092 Graecorum,
937 1021 968 1078 et
981 1018 1147 1078 Alexandri-

193 1122 302 1162 norum
321 1103 476 1177 poetarum
495 1102 707 1177 utplurimum
729 1104 898 1177 prementes
913 1103 1050 1178 vestigia.
1080 1101 1148 1162 Con-

194 1205 303 1262 gruum
325 1189 425 1244 autem
444 1185 551 1245 horum
566 1187 666 1245 evenit
686 1187 779 1260 omis,
800 1186 880 1262 quod
900 1187 1066 1247 severitatis
1080 1187 1147 1256 eius,

195 1288 252 1344 qua
270 1287 339 1328 mox
353 1269 513 1328 Horatium
530 1272 562 1328 et
575 1269 744 1346 Vergilium
764 1288 831 1329 curn
851 1271 975 1347 reliquis
990 1270 1147 1347 aequalium

194 1353 331 1412 videmus
353 1353 511 1427 excellere,
531 1353 630 1428 prima
650 1356 795 1429 apparent
809 1354 887 1430 apud
902 1353 1054 1414 Catullum
1066 1352 1147 1413 veeti-

193 1438 253 1512 gie,
268 1436 405 1512 quodque
420 1439 522 1498 extant
541 1456 617 1513 quae
637 1437 686 1496 hic
705 1439 755 1497 vel
769 1439 880 1497 maiore
895 1457 985 1514 quam
998 1439 1045 1500 illi
1059 1455 1148 1516 gesac

193 1520 236 1580 rit
251 1521 395 1580 cautione.

257 1639 354 1698 Metra
368 1640 469 1697 autem
482 1637 632 1697 habentur
645 1638 725 1714 apud
740 1657 808 1698 eum
824 1639 911 1698 talia:

256 1739 281 1800 1.
303 1739 474 1800 hexameter
489 1737 556 1798 dact
543 1739 654 1816 tyliaus
671 1735 707 1817 [c.
725 1739 774 1798 62.
792 1735 844 1818 64]

545 1852 901 1936 'wll

395 1893 647 2038 imme-s-
659 1967 910 2036 miccius-

278 2078 395 2136 Peliaco
410 2076 560 2150 quondam
574 2077 739 2151 prognatae
754 2074 866 2136 vertice
880 2074 979 2149 pinus

278 2180 351 2236 quas
366 2178 421 2236 ego
436 2160 506 2218 veel
522 2160 631 2218 misera
646 2159 786 2218 extremis
801 2159 937 2234 profarre
951 2157 1099 2217 medullis.

255 2277 295 2336 Π.
319 2276 466 2336 distichon
479 2277 643 2352 elegiacum
660 2272 696 2354 [c.
713 2271 871 2354 ‹so-116]

473 2395 540 2442 ‚aa
549 2409 648 2442 aaa-
637 2370 842 2442 oerllrv

396 2411 847 2539 'nvur‘trnsraalsavnwsi

845 1951 869 1995 t-
873 1951 945 2020 l,0

276 2599 331 2640 nec
345 2580 424 2655 potis
440 2582 486 2638 est
499 2578 597 2636 dulcis
609 2577 763 2637 Musarum
779 2594 952 2652 expromere
967 2577 1047 2637 fetus

320 2683 403 2723 mens
419 2663 525 2737 animi;
540 2663 633 2721 tantis
648 2662 774 2721 fluctuat
788 2661 853 2736 ipsa
865 2661 961 2720 malis.

278 2783 414 2843 Pedum
430 2780 698 2841 observantiae
719 2797 812 2853 quae
828 2779 1007 2838 essentin
1022 2776 1149 2836 metris

192 2870 441 2930 Romanorum
465 2864 674 2939 dactylicis
696 2863 891 2922 docuimus
912 2861 1004 2919 libri
1032 2856 1148 2920 nostri

193 2955 381 3012 volumine
396 2952 519 3010 altero
534 2968 585 3026 pg
604 2949 780 3007 137-167.

257 3069 398 3127 Notum
389 3087 422 3126 m
443 3068 602 3164 prioribus
606 3069 748 3142 quattuor
767 3063 839 3124 locis
858 3062 1023 3122 hexametri
1042 3059 1149 3120 inditio·
1206 3093 1207 3152 3

194 3157 295 3212 renter
315 3171 369 3228 pro
390 3151 508 3226 dactylo
533 3152 604 3227 poni
631 3149 805 3225 spondeum.
834 3147 890 3206 His
909 3146 1034 3223 pedibus
1055 3141 1207 3204 mixtis

194 3239 306 3380 illi?
327 3238 359 3294 et
378 3233 508 3294 confusis
527 3235 641 3308 optima
660 3233 761 3292 evenit
781 3231 893 3305 speeies
914 3250 948 3290 ea
962 3249 1052 3306 quam
1065 3228 1151 3286 habes

281 3538 362 3579 erma
377 3520 534 3593 virumque
550 3533 632 3590 cano,
649 3516 756 3574 Troiae
771 3517 822 3592 qui
836 3516 950 3593 primus
965 3515 1002 3572 ab
1017 3514 1087 3573 oris.
