2492 4022
469 202 683 260 PRAEFATIO.
983 213 1052 260 x111
1136 226 1138 233 ·

76 377 158 433 dem
176 372 266 432 fidem
285 371 451 433 habendam
471 389 545 446 esse,
567 373 619 430 ubi
634 371 713 446 quod
727 371 769 432 eis
784 373 939 432 exhibetur
953 390 1008 448 per
1022 389 1052 430 se

75 479 151 518 non
170 457 334 534 displiceat.
373 455 511 530 Accedit,
532 457 612 531 quod
636 457 787 532 plerisque
812 458 884 518 locis
909 475 947 516 ne
967 475 1054 516 eausa

78 543 211 618 quidem
225 543 287 600 ulla
300 543 401 618 potest
413 540 496 617 fingi,
512 559 565 600 cur
578 541 649 599 Itali
663 542 872 616 interpolarint
886 542 986 615 verba,
1002 541 1054 599 ubi

78 629 297 703 excerptorum
317 626 490 684 testimonia
509 626 629 702 gravim
651 625 828 700 discrepant.
858 626 963 701 Neque
982 645 1054 686 vero

80 711 247 787 quisquam
268 710 368 770 credet
387 713 500 768 temere
521 709 630 768 saeculi
644 709 701 767 XV
720 711 929 786 grammaticos
948 710 981 767 in
994 713 1053 768 tra-

82 795 205 854 ctandis
221 795 334 854 Tibulli
354 793 439 852 libris
459 793 567 854 frivolo
582 794 635 853 illo
651 795 749 854 studio
764 795 898 854 variandi
912 795 1056 853 vocabula

84 880 214 952 arsisse,
236 897 294 954 quc
310 897 379 937 sane
395 879 584 938 scholasticos
600 877 706 938 Oarclo
721 898 830 954 magno
844 879 894 937 vel
908 897 1054 938 successo·

83 964 175 1022 ribus
190 964 252 1022 eius
267 963 403 1038 aequales
419 965 450 1020 11
463 963 515 1037 qui
529 966 663 1038 tempore
678 982 728 1022 eos
751 967 821 1022 sunt
835 963 961 1022 insecuti
975 965 1055 1022 totos

86 1050 249 1122 occupatos
273 1047 366 1106 fuisse
391 1049 517 1106 constat.
571 1047 652 1105 Illud
677 1048 765 1121 enim,
791 1066 828 1106 111
853 1047 963 1106 nimius
989 1047 1054 1118 sim,

86 1133 244 1204 omittam,
266 1131 345 1188 haud
358 1148 451 1208 pauca
464 1131 637 1190 Richterum
652 1134 683 1190 et
696 1132 889 1190 Protzenium
904 1134 1055 1207 excerpto-

85 1237 160 1276 rum
174 1215 345 1275 testimcnia
359 1215 467 1274 dixisse
478 1217 617 1292 vulgatae
627 1216 749 1274 lectioni
763 1217 813 1275 vel
827 1217 909 1291 paria
922 1215 1056 1274 bonitate

86 1301 141 1359 vel
155 1301 262 1376 priora,
279 1317 353 1374 quae
368 1299 465 1358 aliena
479 1318 543 1359 esse
558 1319 576 1358 a
591 1300 711 1359 Tibullo
726 1300 812 1359 facile
827 1300 923 1376 possit
937 1300 1056 1360 demon-

86 1385 190 1445 111111.

157 1467 297 1528 ceream
319 1470 352 1528 in
376 1468 446 1528 arsi
470 1469 553 1528 1111
580 1445 665 1528 utra
690 1469 957 1527 1111111111
982 1467 1058 1525 iuno

89 1572 211 1628 semper
225 1556 343 1629 oportet
357 1553 450 1627 probe
460 1553 631 1612 memineris
643 1553 752 1612 saeculi
762 1552 818 1610 XV
834 1553 947 1626 optima
960 1571 1057 1610 exem·

88 1638 201 1714 pieria,
225 1656 351 1712 quorum
366 1637 517 1712 sequimur
531 1637 754 1710 auctoritatem,
776 1639 947 1710 corruptam
961 1636 1057 1710 magis
1107 1674 1110 1681 -

90 1741 183 1797 quam
202 1723 412 1796 interpolatam
433 1721 570 1779 exhibere
591 1721 778 1796 scripturam.
808 1720 886 1778 Nam
906 1720 939 1778 in
959 1719 1058 1778 arohe-

88 1811 182 1882 typo,
203 1805 313 1864 utiam
332 1806 511 1877 memoravi,
534 1804 678 1879 quaedam
697 1803 811 1862 lacrmis
830 1803 936 1862 hausta
950 1803 999 1863 vel
1013 1803 1057 1862 in·

90 1909 182 1950 versa
205 1889 443 1962 traiectionibus,
470 1889 529 1946 alia
554 1907 621 1947 eum
646 1889 745 1946 minus
770 1889 873 1962 aperta
901 1889 1002 1946 essent
1021 1885 1059 1944 ad

90 1973 255 2050 legendum
280 1974 378 2049 apices
404 1973 500 2048 magis
526 1972 670 2048 quosdam
695 1973 855 2031 verborum
880 1991 970 2046 quam
993 1971 1059 2046 ipsa

91 2060 186 2118 verba
200 2057 471 2133 repraesentabant.
493 2057 539 2116 Er
549 2057 595 2116 his
611 2059 711 2116 autem
725 2056 807 2115 vitiis
822 2056 966 2130 quaedam
978 2055 1056 2129 Itali,

91 2145 184 2219 longe
203 2143 291 2218 plura
311 2142 496 2201 sustulerunt
515 2141 701 2218 grammatici
715 2139 859 2216 temporis
874 2139 1057 2216 posterioris.

93 2227 236 2286 Ceterum
256 2226 400 2300 plerique,
416 2225 468 2300 qui
483 2224 602 2284 Catullo
622 2225 806 2284 emendando
827 2243 948 2299 operam
969 2243 1057 2282 nava-

92 2315 174 2384 11111,
189 2314 224 2369 ut
238 2311 315 2368 circa
324 2309 514 2386 Propertium
527 2311 571 2369 ita
585 2309 662 2370 circa
673 2310 827 2368 Tibullum
841 2309 924 2368 fuere
939 2307 1057 2380 curiosi,

92 2399 224 2471 utputa,
241 2395 384 2466 Muretus,
400 2393 501 2453 Dousa
514 2396 600 2470 pater
614 2396 645 2453 et
658 2393 746 2467 filius,
760 2393 901 2468 Scaliger,
917 2393 955 2450 N.
968 2391 1059 2450 Hein-

93 2480 165 2552 sius,
182 2478 313 2554 Vulpius,
334 2477 549 2552 Lachmannus,
566 2478 626 2536 alii.
655 2478 804 2554 liquibus
820 2477 969 2552 Scaliger,
991 2494 1059 2533 oum

93 2563 225 2622 multum
250 2562 412 2639 profuisset
441 2562 561 2622 Tibullo
590 2564 700 2638 partim
729 2560 861 2620 adhibito
890 2560 1059 2635 fragmento

94 2647 262 2721 Cuiaciano,
283 2646 393 2721 partim
413 2648 541 2722 propriis
562 2647 676 2722 ingenii
695 2646 817 2717 viribus,
833 2645 901 2718 plus
915 2647 1017 2704 tamen
1032 2643 1059 2702 ei

93 2731 230 2791 nocuisse
246 2730 408 2790 censendus
424 2733 478 2803 est,
503 2733 537 2789 ut
551 2731 603 2805 qui
617 2729 742 2788 nimium
758 2747 791 2786 ao
805 2747 899 2804 paene
913 2728 1059 2803 puerilem

94 2817 127 2874 in
148 2814 270 2874 modum
292 2814 520 2890 transponendis
535 2814 694 2873 indulserit
707 2813 852 2872 versibus.
881 2811 944 2870 Has
958 2814 1060 2869 tamen

93 2899 284 2958 traiectiones
304 2898 410 2958 Batavi
431 2899 469 2956 ob
491 2899 690 2957 reverentiam
709 2897 839 2956 nominis
861 2897 924 2954 eius
949 2894 1058 2953 retinu-

93 2987 197 3058 erunt;
218 2983 349 3058 primum
370 2981 512 3057 aVulpio
533 2982 610 3041 Italo
632 2981 746 3056 priscus
766 2979 838 3039 ordo
859 2997 999 3040 versuum
1014 2983 1061 3039 est

94 3068 255 3127 restitutus
270 3067 383 3126 etcum
397 3065 560 3142 pertinacia
570 3085 626 3125 neo
636 3083 753 3140 semper
764 3065 844 3123 felici
859 3083 996 3124 successu
1011 3065 1059 3122 de-

93 3153 205 3210 fensus.
221 3151 300 3209 Nam
310 3151 358 3210 hic
369 3151 432 3209 illic
445 3150 629 3227 Scaligerum
638 3149 747 3211 vidisse
759 3168 863 3209 verum
874 3149 906 3207 in
923 3150 1059 3208 traicien-

93 3237 141 3294 dis
152 3236 332 3294 ereticorum
343 3235 478 3296 versibus
491 3235 628 3310 equidem
635 3234 757 3294 minime
770 3235 903 3294 omniurn
914 3233 1058 3310 negarim,

92 3319 152 3380 nisi
172 3319 252 3394 qnod
272 3320 417 3382 rationem
439 3323 470 3379 et
489 3321 664 3380 modestiam
684 3319 716 3378 in
738 3320 891 3379 conatibus
906 3317 969 3376 eius
984 3316 1059 3375 desi-

92 3405 182 3478 dero,
206 3404 284 3463 siout
305 3408 373 3463 ante
393 3423 448 3465 nos
469 3404 675 3464 desiderarunt
688 3402 941 3472 Hemsterhusius,
957 3401 1060 3460 Schra-

94 3489 198 3564 derus,
224 3488 441 3550 Lachmannua
486 3486 614 3552 Omnino
649 3489 793 3564 Scaligeri
817 3484 972 3561 ingenium
996 3484 1062 3540 arat
