2486 4010
194 158 235 222 68
580 155 777 214 nuosnunu
1097 155 1190 226 [1111.

207 336 242 386 ³0
297 321 418 407 Eurus,
441 325 475 387 ei
495 323 530 388 in
550 321 653 386 nubes
673 319 758 384 unde
779 319 930 405 perennis
952 341 1051 404 aqua,

257 407 308 474 sit
329 410 463 473 ventura
483 407 566 489 dies,
588 404 700 470 mundi
744 427 802 468 uae
825 405 959 469 subruet
980 423 1088 488 arces,

298 491 481 578 Purpureus
501 490 628 640 pluvias
654 510 710 553 cur
722 427 814 554 qbibii
835 511 927 553 arcus
949 509 1064 573 aquas,

255 577 325 643 Aua
347 599 403 642 cur
424 575 502 641 Perr
525 575 597 639 aebi
617 577 775 638 tremuere
801 574 966 638 cacumina
986 571 1106 658 Pindi,

300 661 384 728 Solis
407 660 571 726 ciuitatis
593 658 710 724 luxerii
731 657 818 722 orbis
841 659 946 742 equis,

208 756 242 810 85
258 746 323 813 Cur
344 766 433 810 serus
455 765 581 810 versare
601 743 700 808 boves
723 745 756 807 et
775 743 918 826 plaustra
939 742 1076 825 Bootes,

300 828 466 898 Pleiadum
488 829 591 913 spisso
614 849 670 892 cur
691 827 757 891 coii
776 827 853 912 igne
875 825 1005 910 choruS,

259 915 362 981 Curvo
384 934 459 978 suos
480 914 560 978 fines
582 913 683 978 altum
702 932 771 976 non
793 915 883 976 exeat
903 932 1038 996 aequor,

300 998 418 1064 Plenus
440 1000 473 1062 ei
493 997 528 1062 in
548 1000 655 1082 paries
677 999 815 1080 quatuor
835 1017 938 1061 annus
961 997 1027 1078 eat,

259 1083 325 1148 Sub
346 1082 440 1147 ienis
463 1083 529 1146 sint
549 1083 619 1146 iura
633 1080 728 1144 deum
749 1082 782 1144 ct
794 1081 956 1145 ‘normania
974 1081 1178 1164 nocentum,

208 1178 243 1229 ιο
299 1166 491 1250 Tisiphones
514 1168 584 1230 atro
606 1166 635 1230 si
655 1165 736 1230 furit
757 1186 861 1264 angue
883 1167 992 1250 ceput,

256 1250 326 1316 Aut
346 1251 574 1314 Alcmaeoniae
595 1249 698 1314 furiae
720 1253 775 1313 aui
794 1251 915 1315 1eiunia
934 1248 1066 1333 Phinei,

300 1333 388 1400 Num
408 1337 494 1418 noia,
515 1354 593 1398 num
609 1333 747 1418 scopuli,
769 1356 847 1399 num
862 1335 932 1399 sicis
947 1334 1034 1398 inter
1048 1353 1175 1418 aquas,

257 1416 347 1486 Num
367 1417 469 1484 tribus
491 1419 652 1483 infernum
674 1418 814 1483 custodie
833 1419 979 1484 faucibus
1002 1421 1138 1482 anuum

302 1501 459 1569 Cerberus
465 1551 475 1587 ,
499 1506 532 1568 ei
552 1502 647 1586 Tityo
668 1503 780 1588 iugera
800 1525 903 1589 pauca
922 1524 1055 1585 novem,

209 1600 243 1652 45
258 1586 312 1653 A'n
333 1587 409 1652 ficia
429 1588 464 1651 in
484 1589 617 1652 miseras
640 1586 805 1652 descendis
824 1588 935 1653 fabula
958 1591 1088 1672 gentes,

301 1672 346 1736 Ei
366 1673 464 1736 timor
484 1671 564 1736 haut
585 1673 669 1736 ultra
690 1693 785 1756 quam
806 1693 904 1758 rogus
927 1687 996 1736 esse
1017 1675 1143 1756 potest.

259 1756 374 1823 Exitus
396 1756 449 1820 hic
470 1757 555 1821 vitae
577 1760 705 1841 superes
725 1757 820 1821 mihi:
842 1778 915 1841 vos,
938 1757 1053 1903 pinibus
1075 1778 1177 1822 erma

303 1839 403 1906 Grata
423 1841 542 1926 magis,
565 1839 672 1906 Crassi
694 1841 788 1927 signa
808 1842 924 1906 referte
968 1861 1086 1906 omum.

259 2174 322 2241 Dio
342 2178 422 2242 mihi
444 2178 483 2242 de
504 2181 627 2262 nostra,
651 2200 731 2262 quae
753 2177 867 2262 seniis,
889 2199 964 2243 vera
983 2178 1110 2262 puella:

305 2258 358 2325 Sic
378 2260 439 2325 tibi
461 2263 527 2326 sini
549 2263 711 2346 dominae,
728 2263 907 2348 Lygdame,
928 2262 1059 2347 dempta
1078 2263 1173 2348 iuga.

259 2343 348 2410 Num
368 2365 420 2408 me
441 2345 563 2409 laetitia
583 2348 792 2412 tumefactum
812 2348 900 2412 fallis
920 2347 1025 2430 inani,
1234 2417 1235 2438 χ

302 2428 391 2493 Haec
412 2428 570 2512 referens,
598 2451 677 2514 quae
699 2452 751 2494 me
773 2431 901 2496 credere
921 2432 1004 2496 velle
1024 2431 1148 2515 pupas?

233 2512 377 2578 50mnis
401 2513 486 2578 enim
508 2513 603 2579 debes
624 2515 693 2579 sine
714 2536 797 2580 vano
819 2515 952 2581 nuntius
974 2537 1058 2600 esse,

304 2598 522 2682 Maioremque
542 2599 660 2664 timens
683 2620 791 2664 servus
813 2599 931 2665 habere
952 2599 1058 2664 fidem.

260 2681 357 2748 Nunc
378 2683 472 2765 mihi,
495 2683 586 2768 siqua
599 2688 704 2769 tenes,
727 2685 767 2748 ab
790 2685 915 2770 origine
937 2683 1040 2755 dicere
1060 2685 1175 2768 prima

303 2766 430 2851 Incipe:
454 2769 616 2851 suspensis
638 2769 767 2834 auribus
788 2770 851 2833 ista
871 2769 989 2833 bibam.
1108 2791 1109 2796 ¹

262 2851 368 2917 Sicine
391 2873 461 2916 cam
481 2853 653 2936 incomptis
674 2853 782 2917 vidisti
804 2853 880 2918 flere
902 2853 1050 2938 capillis?

213 2949 247 2998 10
302 2936 393 3000 Iln'us
416 2958 455 3001 ex
476 2937 577 3000 oculis
599 2937 700 3002 mulia
721 2935 856 3003 cadebat
876 2937 978 3022 aque?

261 3020 332 3086 Nec
354 3021 517 3105 speculum
540 3024 639 3086 strato
661 3022 786 3106 vidisti,
807 3020 985 3107 Lygdame,
1007 3022 1118 3088 lecto?

305 3104 449 3170 Ornabai
469 3107 579 3170 niveas
600 3106 731 3172 nullane
752 3126 880 3192 gemma
900 3107 1037 3172 manus?

260 3188 308 3252 Ac
328 3192 482 3254 maestam
504 3191 623 3256 teneris
644 3197 765 3256 vestem
786 3189 924 3276 pendere
945 3191 1093 3277 lacertis,

305 3271 491 3354 Scriniaque
513 3274 553 3337 ad
574 3276 650 3340 lecti
671 3276 779 3340 clausa
800 3276 902 3340 iacere
923 3275 1044 3359 pedes?

213 3365 245 3416 15
261 3354 374 3418 Tristis
396 3358 465 3417 erat
478 3357 606 3440 domus,
628 3361 661 3422 et
673 3360 781 3423 tristes
803 3381 860 3424 sua
879 3381 980 3444 pensa
998 3359 1170 3428 minisuae

305 3437 501 3522 (lampabant,
522 3441 629 3504 medio
650 3441 748 3505 nebai
771 3446 804 3507 ei
823 3445 894 3528 ipsa
915 3445 1002 3527 Ioc0,
