2476 4018
228 205 288 288 44'
618 231 814 289 1110111111
844 212 849 220 ’
1110 235 1196 306 [nm.

294 391 436 542 Septima
458 393 523 458 iam
544 394 659 478 plenae
681 394 847 460 deducitur
868 392 973 461 orbita
993 396 1104 480 lunae,

350 475 418 541 lum
440 478 479 542 de
499 499 552 542 me
574 481 607 544 et
628 480 667 543 de
688 481 720 543 te
744 481 884 563 compita
903 481 993 545 nulla
1014 483 1138 546 tacent:
1164 547 1167 550 ,

293 560 422 626 Interea
442 563 537 628 nobis
557 583 625 626 non
646 583 820 647 numquam
841 564 936 628 ianua
956 565 1079 648 mollis,

336 645 412 711 Non
433 667 605 732 numquam
626 648 702 712 lecti
723 649 817 732 copia
837 648 922 713 facta
943 649 999 713 tui.

245 741 278 792 25
293 727 362 795 Nec
383 730 463 795 mihi
483 731 666 796 muneribus
686 753 751 796 nox
772 733 870 797 ullast
892 736 998 817 empta
1017 732 1136 797 beatis:

341 813 501 899 Quidquid
523 837 625 898 eram,
648 816 711 881 hoc
732 816 831 880 animi
852 818 955 902 gratia
975 839 1094 902 magna
1114 818 1171 881 tui.

296 896 377 964 Cum
398 901 431 964 te
452 901 518 964 tam
539 900 632 964 multi
654 903 816 985 peterent,
838 903 875 966 tu
895 923 946 965 me
967 923 1032 964 una
1052 902 1179 985 petisti:

338 982 475 1048 Possum
496 1005 556 1069 ego
577 988 708 1049 natiuae
729 1006 797 1049 non
817 985 1001 1050 meminisse
1021 985 1119 1048 tuae?

295 1067 378 1132 Tum
399 1089 450 1133 me
471 1069 523 1133 101
544 1069 684 1153 tragicae
705 1069 826 1132 10110111
847 1069 983 1152 Erinyes
1005 1071 1038 1133 01
1058 1090 1110 1132 me

245 1162 280 1212 ³0
335 1150 467 1216 Inferno
489 1152 636 1238 damnes,
657 1153 777 1236 Aeaco,
799 1153 931 1236 iudicio,

294 1235 401 1318 Atque
422 1235 507 1300 inter
528 1237 614 1320 Tityi
634 1238 778 1302 volucres
799 1259 870 1302 mea
890 1258 994 1322 poena
1015 1239 1167 1321 vagetur,

337 1319 482 1404 1111110110
503 1341 563 1404 ego
586 1319 735 1406 Sisyphio
758 1343 834 1386 saxa
853 1323 962 1386 labore
983 1342 1102 1406 geram.

295 1401 365 1470 Nec
386 1407 423 1468 tu
444 1404 641 1488 supplicibus
662 1427 714 1471 1110
736 1405 780 1470 111
802 1410 952 1471 venerata
972 1405 1115 1470 tabellis:

339 1486 462 1552 Vltima
482 1487 556 1554 talis
579 1490 653 1575 erit,
677 1511 756 1575 quae
778 1512 849 1554 mea
869 1491 972 1574 prima
992 1489 1082 1553 fides.

246 1583 279 1634 36
295 1570 367 1637 Hoc
387 1572 468 1636 mihi
488 1571 643 1658 perpetuo
665 1575 714 1638 ius
736 1576 798 1657 est,
822 1575 906 1659 quod
928 1573 1014 1638 solus
1036 1575 1159 1638 amator

337 1656 407 1724 Nec
429 1658 493 1722 cito
516 1657 634 1722 desisto
655 1679 715 1722 nee
736 1661 855 1723 temere
876 1659 1005 1744 incipio·

635 1789 788 1800 --.......

583 1873 689 1946 min
715 1873 840 1968 [nrm.

295 1996 327 2060 A
370 1999 504 2062 uantum
526 1997 564 2060 de
586 2019 637 2060 me
658 1995 776 2061 Panthi
796 1996 857 2060 tibi
874 1996 996 2082 'pagina
1015 1997 1125 2082 finxit,

367 2087 476 2148 antum
497 2081 546 2146 illi
567 2080 692 2144 Pantho
714 2101 755 2144 110
778 2081 820 2145 111
841 2081 942 2146 amica
962 2081 1087 2146 Venus!

298 2162 361 2228 sed
382 2166 442 2230 tibi
463 2167 527 2230 iam
548 2165 659 2230 videor
678 2163 815 2230 Dodona
835 2166 939 2229 verior
959 2165 1082 2250 augur?

337 2246 478 2314 onrem
500 2251 554 2313 ille
576 2253 649 2314 tuus
670 2249 803 2334 pulcher
824 2252 946 2315 amator
966 2249 1073 2314 habet.

267 2327 363 2394 5Tot
383 2335 494 2397 noctes
515 2333 653 2416 periere:
675 2333 758 2398 nihil
777 2333 896 2418 pudet?
920 2333 1041 2418 aspice,
1064 2335 1170 2396 cantat

336 2414 446 2482 Liber:
471 2419 508 2480 tu
528 2416 663 2481 nimium
686 2417 813 2482 credula
834 2418 903 2482 sola
923 2419 1016 2482 iaces.

294 2497 340 2566 Et
359 2521 445 2564 nunc
466 2501 550 2564 inter
571 2521 625 2564 001
647 2504 683 2566 tu
704 2503 843 2586 sermo's,
864 2505 897 2566 te
918 2502 974 2566 ille
994 2481 1148 2586 superbiis

336 2583 426 2650 Dicit
446 2606 480 2651 se
501 2585 602 2650 invito
624 2606 719 2671 saepe
739 2587 838 2652 fuisse
860 2587 957 2651 domi.

294 2668 498 2754 Dispeream,
522 2669 550 2735 11
570 2669 738 2754 quicquam
759 2670 845 2735 aliud
859 2692 955 2754 quam
995 2669 1075 2734 loria
1098 2669 1137 2732 de
1156 2670 1186 2731 te

247 2766 279 2816 10
336 2753 519 2830 Quaeritur:
540 2754 598 2819 has
620 2754 728 2820 laudes
749 2756 804 2820 1110
824 2755 957 2819 maritus
972 2693 1084 2818 habet.

297 2837 452 2904 Colchida
473 2839 519 2904 sic
540 2837 658 2925 hospes
680 2839 840 2923 quondam
862 2839 988 2924 decepit
1006 2839 1117 2903 lasona

336 2921 466 2986 Eiectac
487 2924 592 2988 tenuit
612 2944 749 3007 namque
772 2922 891 2988 Creusa
912 2924 1051 2988 domum.

295 3003 349 3072 Sic
370 3028 389 3070 a
410 3005 560 3072 Dulichio
582 3009 728 3074 iuvenest
748 3007 836 3073 elusa
858 3007 1010 3092 Calypso:

337 3089 429 3157 Vidit
449 3095 624 3156 amatorem
644 3093 783 3179 pandere
805 3093 875 3156 vela
897 3115 998 3158 suum.

246 3185 277 3235 16
292 3174 324 3238 A
345 3175 479 3240 nimium
501 3177 610 3242 faciles
632 3199 740 3241 aurem
761 3177 911 3260 praebere
931 3176 1056 3262 puellae
1062 3225 1079 3262 „

336 3256 459 3324 Discite
483 3261 625 3325 desertae
647 3283 714 3326 non
734 3263 853 3326 temero
875 3283 944 3326 esse
965 3262 1078 3326 bonae.

237 3380 239 3384 .
294 3341 380 3406 Hinc
407 3363 530 3425 quoque
553 3346 607 3427 qui
633 3345 753 3409 restat?
783 3345 846 3410 iam
876 3346 1000 3430 pridem
1031 3344 1186 3431 quaeritur

838 3431 932 3494 alter:

246 3516 255 3568 ’.
336 3507 478 3592 Experto
499 3508 533 3571 in
553 3510 673 3593 primo,
697 3513 807 3597 stulta,
831 3535 940 3580 cavere
960 3516 1065 3598 potes.
