2476 4018
40 205 105 277 iu]
436 209 544 264 uranu
565 210 613 264 111.
957 205 1002 269 45

43 368 105 434 Nos
129 391 328 457 quocumque
350 372 437 456 loco,
459 395 520 438 nos
542 373 796 456 omnitempore
818 376 924 439 tecum

80 455 154 520 Sive
177 477 273 542 aegra
293 458 413 542 pariter
434 458 500 524 sive
521 459 647 523 valente
669 479 787 524 sumus.
968 470 1003 520 20

445 591 597 600 ι-α--ι-

402 672 470 746 xv
497 673 638 766 [xxm.

48 790 110 857 Scis
131 792 207 858 here
228 796 275 860 mi
295 795 412 860 multas
434 796 553 880 pariter
573 796 731 880 placuisse
752 795 890 881 puellas,

85 877 153 942 Scis
174 879 268 962 mihi,
291 877 520 964 Demophoon,
543 881 645 944 multa
666 881 774 946 venire
795 881 887 944 mala.

49 959 140 1028 Nulla
161 964 240 1028 meis
262 964 381 1030 frustra
402 965 577 1030 lustrantur
599 966 738 1050 compita
759 965 896 1049 plantis,

87 1046 113 1110 0
134 1047 229 1114 nimis
252 1048 350 1113 exitio
370 1054 447 1114 nata
467 1049 593 1113 theatra
613 1071 700 1132 meo,

51 1128 118 1194 Sive
138 1131 252 1216 aliquis
274 1133 365 1197 molli
386 1133 508 1198 diducit
529 1133 662 1198 eandida
683 1137 778 1218 gestu
987 1143 1004 1194 5

87 1214 221 1282 Brachia
242 1240 299 1282 seu
319 1217 424 1282 varios
445 1218 561 1282 incinit
582 1239 636 1282 ore
658 1219 783 1284 modos!

53 1296 170 1364 Interea
189 1301 472 1386 nostri'quaerunt
493 1303 555 1366 sibi
576 1303 690 1367 volnus
712 1303 819 1387 ocelli,

90 1382 230 1452 Candida
250 1407 318 1450 non
337 1389 423 1452 tecto
444 1389 573 1472 pectore
595 1387 686 1469 siqua
707 1388 809 1470 sedet,

54 1465 120 1532 Sira
139 1472 213 1556 vagi
235 1471 338 1536 crines
359 1471 448 1556 puris
470 1472 505 1535 in
525 1471 687 1535 frontibus
709 1477 830 1552 errant,

91 1551 196 1618 ludica
218 1576 298 1639 quos
319 1556 425 1620 medio
446 1557 564 1620 vertice
585 1577 712 1652 gemma
732 1559 831 1618 tenet.
973 1568 1007 1615 10

56 1635 134 1711 Quae
154 1639 182 1704 si
203 1639 287 1704 forte
309 1640 429 1723 aliquid
450 1641 540 1705 voltu
560 1639 641 1704 mihi
662 1639 740 1702 dura
760 1641 907 1724 negarat,

91 1721 216 1808 Frigida
238 1724 277 1788 de
298 1726 368 1789 tota
388 1724 494 1788 fronte
517 1723 649 1789 cadebat
671 1745 760 1807 aqua.

57 1805 191 1891 Quaeris,
206 1807 437 1894 Demophoon,
452 1830 508 1874 cur
522 1809 584 1872 sim
594 1812 662 1872 tam
674 1807 782 1871 mollis
792 1807 827 1870 in
837 1805 969 1870 omnes?

93 1891 179 1966 Quod
201 1894 340 1979 quaene,
365 1915 457 1958 curae
478 1892 663 1957 nonhabet
684 1892 767 1956 ullus
790 1913 887 1956 amor.

57 1972 114 2038 Cur
133 1978 247 2062 aliquis
270 1979 367 2043 sacris
389 1978 489 2042 laniat
511 1999 568 2042 sua
589 1976 719 2041 brachia
740 1975 865 2056 cultris,
975 1987 1007 2036 15

13 2111 14 2118 κ
92 2059 132 2124 lit
151 2061 289 2147 Phrygis
311 2063 441 2126 insanos
464 2062 605 2126 caeditur
625 2062 665 2126 ad
686 2059 857 2124 numeros?

13 2187 14 2198 t
57 2141 224 2232 Vnicuique
247 2147 334 2210 dedit
355 2147 468 2210 vitium
489 2149 604 2209 natura
625 2147 747 2210 creato:

91 2229 135 2294 Mi
155 2231 286 2295 fortuna
307 2231 426 2315 aliquid
448 2252 573 2317 semper
594 2251 700 2294 amare
723 2229 823 2294 dedit:

59 2309 102 2377 lle
122 2315 197 2379 licet
219 2319 251 2379 et
272 2313 449 2398 Thamyrae
472 2315 611 2379 cantoris
633 2315 699 2379 fata
721 2318 908 2399 sequantur,

91 2398 271 2484 Numquam
292 2399 332 2463 ad
352 2401 524 2482 formosas,
546 2400 668 2484 invide,
691 2421 802 2464 caecus
825 2421 888 2464 cro.
975 2410 1010 2458 20

59 2478 111 2546 Sed
131 2485 191 2548 tibi
213 2484 242 2549 si
263 2485 360 2549 exiles
380 2483 491 2548 videor
512 2487 660 2549 tenuatus
682 2485 718 2547 in
738 2487 840 2565 artus,

91 2566 235 2633 Falleris:
257 2565 337 2632 haut
357 2571 538 2652 umquamst
559 2569 645 2632 culta
666 2569 775 2631 labore
795 2567 915 2631 Venus.

59 2647 256 2717 Percunctere
278 2652 367 2717 licet:
390 2655 517 2736 saepest
538 2655 667 2735 experta
688 2651 795 2733 puella

93 2733 238 2802 Officium
260 2738 329 2802 tota
349 2739 444 2802 nocte
466 2735 570 2800 valere
591 2756 707 2798 meum.

58 2816 191 2904 luppiter
212 2821 386 2886 Alcmenae
431 2819 553 2884 eminas
574 2818 772 2903 requieverat
792 2818 926 2902 Arctos,
975 2829 1009 2880 25

92 2905 133 2969 Et
154 2906 278 2970 caelum
298 2909 398 2970 noctu
439 2906 468 2969 is
490 2906 559 2969 sine
579 2925 656 2988 rege
677 2903 754 2986 fuit,

57 2984 117 3052 Nec
137 2993 246 3054 tamen
266 2989 384 3054 ideirco
406 2990 563 3073 languens
585 2988 625 3052 ad
646 2988 782 3052 fulmina
801 2987 905 3052 venit:

93 3073 206 3138 Nullus
228 3095 318 3138 amor
339 3075 422 3139 vires
444 3074 489 3138 eri
512 3074 539 3136 it
559 3073 629 3156 ipse
651 3094 732 3136 suas.

60 3153 153 3229 Quid?
178 3181 250 3224 curn
273 3181 290 3224 e
313 3160 469 3243 conplexu
489 3096 653 3221 Eriseidos
674 3156 737 3220 iret
757 3153 917 3238 Achilles,

17 3247 20 3336 l
94 3239 177 3308 Num
197 3243 310 3328 fugere
330 3245 437 3307 minus
459 3241 613 3306 Thessala
633 3241 698 3304 tela
718 3238 885 3326 Phryges?
977 3255 1012 3304 30

18 3343 19 3370 ³
60 3321 153 3399 Quid?
186 3327 273 3392 ferus
305 3326 549 3392 Andromachae
582 3325 771 3475 lectochm
803 3330 948 3413 surgeret

691 3415 779 3476 ector

96 3491 182 3561 Bella
202 3495 394 3580 Mycenaeae
415 3517 483 3562 non
503 3497 637 3562 timuere
658 3495 763 3561 rates?
781 3460 792 3497 ²
