2492 4022
162 223 225 288 110
555 223 723 281 11111111.
1023 229 1132 303 [nuru

224 391 372 473 Quaeque
393 389 472 453 haec
494 391 642 472 proterva
665 389 818 472 carpserit
839 411 938 454 manu
958 413 1057 476 poma

224 474 350 558 Puella,
372 473 496 538 nullum
516 472 656 557 reperiat
676 471 859 538 fututorem.

565 679 710 752 LVIIII.
772 727 808 807 ,s

223 794 424 861 Praedictum
446 795 506 858 tibi
527 816 568 859 ne
589 815 707 878 negare
727 793 848 878 possis:

225 879 259 946 Si
280 881 333 945 fur
354 880 494 962 venerio,
517 879 686 962 inpudicus
708 879 795 942 exis

568 1009 719 1018 ...-.-.——·

600 1085 674 1158 LX.

223 1199 258 1266 Si
280 1203 358 1283 quot
378 1199 477 1264 habes
499 1183 608 1264 tersus
629 1201 679 1264 tot
698 1198 832 1264 haberes
857 1221 970 1285 poma,
994 1117 1131 1291 llis-rape,

216 1335 219 1340 .
265 1284 363 1349 Esses
385 1285 515 1368 antiquo
539 1284 635 1348 ditior
655 1283 805 1375 Alcinoo.

564 1415 717 1424 ...—

592 1470 1079 1568 LXI.xs'¹

223 1606 306 1682 Quid
326 1606 445 1672 frustra
467 1605 623 1689 quereris,
646 1604 774 1689 colone,
796 1627 935 1694 meeum,

222 1690 315 1768 Quod
337 1690 496 1775 quondam
517 1689 598 1754 bene
620 1687 784 1754 fructuosa
805 1691 908 1754 malus

220 1777 393 1840 Autumnis
415 1775 532 1840 sterilis
554 1773 676 1838 duobus
699 1773 844 1838 adstem‘?

221 1861 297 1926 Non
317 1883 368 1927 me
390 1861 593 1946 praegravat,
615 1860 653 1922 ut
673 1861 782 1942 p'utas,
805 1861 967 1945 senectus,

188 1945 288 2010 oNeo
310 1968 380 2010 sum
400 1945 558 2030 grandine
579 1942 745 2008 verberata
766 1942 856 2024 dura,

220 2029 289 2094 Nec
310 2052 453 2176 gemmas
475 2029 570 2093 modo
592 2028 736 2112 germine
758 2033 909 2092 exeuntes

221 2113 290 2178 Seri
325 2115 441 2200 rigoris
463 2113 615 2178 ustulavit
637 2132 721 2176 aura.

219 2197 288 2262 Nec
310 2199 397 2264 venti
418 2199 583 2282 pluviaeve
605 2196 785 2280 siccitatem,

133 2304 135 2308 ·
220 2281 312 2358 Quod
335 2280 373 2345 de
396 2303 429 2346 se
452 2304 612 2365 quererer,
634 2282 754 2346 malum
777 2281 939 2348 dederunt.

171 2379 202 2428 10
216 2365 293 2432 Non
315 2369 442 2432 sturnus
464 2367 544 2430 mihi
565 2366 751 2452 graculusve
772 2369 883 2449 raptor

217 2452 285 2515 Aut
306 2451 416 2515 cornix
438 2473 517 2515 anus
540 2456 596 2514 aut
617 2473 754 2535 aquosus
777 2472 870 2516 anser

216 2536 284 2599 Aut
305 2556 416 2600 corvus
438 2536 550 2600 nocuit
571 2536 765 2600 siticulosus:

217 2619 280 2685 Sed
302 2621 385 2705 quod
407 2621 549 2686 carmina
569 2620 701 2705 pessimi
721 2622 835 2706 poetae

215 2703 325 2770 Ramis
347 2707 488 2771 sustineo
510 2705 688 2770 laboriosis.

558 2837 710 2846 ...ο-...-

575 2912 686 2987 Ι1ΧΠ.

215 3027 324 3093 Securi
346 3028 482 3094 dormite
505 3050 614 3094 canes:
638 2969 945 3093 custodietlhortum

258 3111 339 3176 (lum
362 3114 423 3177 sibi
446 3113 561 3179 dilecta
583 3112 682 3214 Sirius
704 3111 857 3198 Erigone.
896 3127 905 3144 ⁴

521 3287 526 3298 '
564 3296 690 3394 111111.

213 3432 375 3513 Parumst,
399 3431 484 3512 quod
503 3431 557 3496 hio
579 3455 650 3496 oum
671 3435 799 3498 fixerint
819 3435 900 3502 mihi
921 3435 1047 3522 sedem,

216 3517 342 3599 Agente
363 3517 448 3577 terra
468 3535 526 3596 per
547 3517 720 3580 caniculam
742 3518 838 3582 rimas
