2470 4010
218 236 260 300 36
628 237 781 293 9111111
1087 233 1174 306 [nni.

282 404 359 469 Non
379 403 498 466 frustra
512 401 721 484 meditantur,
742 400 863 464 habent
875 399 1079 464 memorabile
1098 397 1172 482 quod

870 485 921 548 sit.

282 523 353 638 Nec
374 573 505 654 mirum,
527 571 654 654 penitus
676 590 756 654 quae
777 569 847 633 tota
867 569 975 633 mente
997 565 1147 632 laborent.
1217 539 1218 564 ³

236 669 267 718 15
282 655 352 722 Nos
374 655 436 720 alio
458 659 597 737 mentes,
619 655 681 718 alio
705 653 871 718 divisimus
892 673 998 716 aures:

284 741 356 806 Iure
378 741 477 826 igitur
497 740 676 822 vincemur,
698 740 786 802 amat
805 737 939 801 victoria
961 757 1076 800 curam.

285 825 389 900 Quare
409 846 496 889 nunc
518 824 641 887 animos
664 823 777 888 saltem
799 821 975 886 convertite
997 825 1132 900 vestros,

285 907 400 973 Dicere
421 909 486 972 19111
507 907 678 991 incipient,
699 908 763 972 iam
783 906 977 990 respondere
998 905 1128 970 decebit.
1218 943 1219 994 f

327 1017 455 1100 Hymen
471 1039 490 1080 o
505 1014 704 1099 Hymenaee,
724 1015 853 1099 Hymen
867 1014 941 1078 ades
956 1035 976 1078 ο
991 1013 1173 1098 Hymenaee.

236 1175 271 1224 20
284 1161 442 1244 Hespere,
466 1160 520 1243 qui
543 1160 630 1223 99910
652 1160 753 1223 fertur
774 1159 931 1222 crudelior
950 1158 1059 1242 ignis?

286 1245 347 1321 Qui
367 1248 476 1308 natam
497 1245 601 1327 possis
624 1243 781 1326 conplexu
803 1244 937 1307 avellere
958 1244 1086 1325 matris,

288 1329 455 1412 Conplexu
475 1329 586 1392 matris
607 1327 800 1392 retinentem
822 1327 957 1392 avellere
977 1330 1085 1391 natam
1219 1407 1220 1412 η

286 1413 331 1477 Ht
351 1414 458 1478 iuveni
479 1411 603 1476 ardenti
624 1414 744 1476 castam
766 1412 884 1476 donare
906 1411 1055 1496 puellam.

289 1497 375 1578 Quid
395 1497 518 1561 faciunt
538 1495 647 1560 hostes
672 1499 764 1579 capta
786 1495 942 1560 crudelius
964 1495 1063 1559 urbe?

239 1620 271 1670 25
328 1605 457 1689 Hymen
471 1628 491 1669 o
505 1605 705 1689 Hymenaee,
720 1603 849 1688 Hymen
864 1605 939 1668 ades
954 1627 973 1668 0
988 1602 1174 1688 Hymenaee!

287 1751 446 1834 Hespere,
470 1748 524 1833 qui
546 1749 633 1813 99910
654 1750 741 1813 lucet
760 1748 927 1813 iocundior
946 1748 1056 1833 ignis?

289 1835 351 1910 Qui
373 1835 530 1918 desponsa
550 1835 605 1898 tua
626 1834 732 1898 firmes
755 1834 892 1898 conubia
915 1833 1062 1916 flamma,

289 1919 375 1994 Quae
396 1920 546 2004 pepigere
568 1918 643 2002 viri,
665 1918 858 2004 pepigerunt
878 1921 952 1982 ante
973 1919 1119 2000 parentes

288 2003 357 2068 Nec
378 2004 508 2067 iunxere
529 2003 617 2086 prius
639 2025 735 2086 quam
756 2023 790 2067 99
810 2006 885 2066 111119
907 2001 1021 2066 91119111
1042 2001 1140 2065 ardor.

240 2099 273 2149 30
289 2086 371 2161 Quid
393 2087 485 2150 datur
506 2110 525 2150 a
547 2087 627 2152 divis
648 2087 735 2151 felici
756 2087 895 2170 optatius
916 2085 1018 2150 hora?

331 2195 459 2277 Hymen
474 2216 492 2259 o
508 2195 708 2279 Hymenaee,
724 2201 850 2279 Hymen
864 2197 937 2260 ades
952 2217 971 2258 o
987 2191 1177 2279 Hymenaee!

571 2305 588 2343 ³&
817 2305 835 2344 *

289 2414 452 2497 Hesperus
475 2435 492 2477 9
513 2414 623 2497 nobis,
647 2353 807 2499 9911119199,
830 2414 961 2480 abstulit
982 2435 1080 2478 unam

572 2523 590 2562 ’t
818 2525 836 2563 ²l⁸

695 2573 713 2611 a

331 2625 459 2709 Hymen
480 2646 497 2690 0
511 2623 705 2708 Hymenaee,
728 2626 855 2709 Hymen
869 2627 944 2692 udas
957 2647 974 2691 0
989 2621 1180 2709 Hymenaee!

572 2735 589 2773 ³&
818 2735 836 2774 ss

694 2784 713 2822 3

288 2847 435 2932 Namque
456 2848 512 2910 tuo
535 2846 672 2909 adventu
693 2845 805 2930 vigilat
826 2845 969 2909 custodia
991 2867 1124 2928 semper.

289 2933 393 2998 Nocte
414 2931 516 2996 latent
536 2931 637 3013 fures,
661 2951 740 3012 quos
762 2930 846 2995 idem
868 2951 961 3013 saepe
982 2933 1156 3009 revertens,

241 3029 274 3077 35
288 3016 444 3100 Hespere,
466 3019 588 3081 mutato
612 3013 801 3098 conprendis
822 3014 953 3078 1101111119
974 3013 1073 3078 Heus.

289 3101 336 3162 At
356 3099 436 3162 libet
456 3100 599 3184 innuptis
620 3101 696 3163 ficto
718 3102 751 3163 te
774 3120 901 3182 carpere
924 3101 1046 3182 questu.

291 3181 373 3257 Quid
384 3189 462 3265 tum,
474 3185 501 3248 si
512 3188 656 3268 carpunt,
667 3184 765 3248 tacita
776 3205 870 3268 quem
883 3186 990 3248 mente
1000 3177 1179 3266 requirunt?

332 3291 460 3375 Hymen
475 3313 495 3355 0
509 3291 707 3377 Hymenaee,
723 3293 852 3378 Hymen
867 3293 941 3357 ades
957 3314 976 3357 o
992 3287 1181 3378 Hymenaee!

290 3433 336 3497 Vt
355 3434 416 3496 flos
438 3433 473 3496 in
494 3435 612 3518 saeptis
635 3438 773 3499 secretus
795 3437 1075 3523 99991191101119,

242 3530 275 3579 40
289 3517 424 3602 Ignotus
445 3518 568 3601 pecori,
590 3519 679 3582 nullo
702 3520 870 3585 convolsus
892 3524 1014 3607 aratro,
