2470 4010
168 186 192 250 4
312 253 316 262 ,
489 248 493 256 ,
578 189 732 246 CATVLLI

252 353 360 418 Valles
383 353 501 436 dicere,
523 373 583 416 neo
604 355 708 416 tacere
730 374 850 436 posses·

252 439 372 503 Verum
394 437 579 520 nescioquid
600 437 785 501 febriculosi

181 535 198 584 a
252 523 356 587 Scorti
378 523 500 606 diligis:
523 521 584 585 hoc
606 521 705 605 pudet
725 521 829 586 fateri.

251 607 335 671 Nam
356 609 389 670 te
409 628 477 670 non
498 606 608 668 viduas
629 605 732 669 iacere
753 609 864 670 noctes

251 691 453 775 Nequiquam
474 691 607 753 tacitum
631 691 733 753 cubile
757 691 873 754 clamat

252 776 351 840 Sertis
374 797 410 840 ac
433 775 524 858 Syrio
546 773 693 858 fragrans
715 774 815 855 olivo,

251 859 465 942 Pulvinusque
487 879 642 941 peraeque
665 862 697 920 et
718 858 770 922 hic
792 864 824 922 et
844 859 901 923 ille

168 957 201 1006 10
250 945 405 1026 Attritus,
427 943 617 1024 tremulique
640 963 755 1025 quassa
777 942 850 1006 lect‘

250 1028 422 1112 Argutatio
444 1026 724 1110 inambulatioqne.

250 1113 336 1176 Nam
357 1113 405 1174 nil
426 1113 536 1194 stupra
557 1111 656 1193 valet,
678 1111 773 1194 nihil,
795 1113 907 1176 tacere.

252 1196 337 1261 Cur?
361 1216 424 1258 non
446 1201 512 1258 tam
534 1196 635 1258 latera
656 1196 797 1259 ecfututa
817 1196 954 1281 pandas,

250 1281 313 1344 Nei
334 1283 371 1342 tu
393 1280 467 1362 quid
488 1279 587 1342 facias
608 1280 809 1362 ineptiarum.

168 1376 199 1428 15
250 1364 354 1440 Quare
377 1364 529 1448 quidquid
549 1363 647 1427 habes
672 1365 747 1426 boni
768 1364 920 1448 malique,

250 1448 312 1512 Dio
335 1449 437 1512 nobis.
470 1448 542 1512 volo
564 1451 597 1511 te
620 1469 656 1510 ac
677 1450 749 1510 tuos
772 1470 896 1513 amores

250 1533 303 1596 Ad
324 1533 446 1596 caelum
468 1532 573 1615 lepido
596 1553 709 1595 vocare
731 1555 833 1596 versu.

251 1874 396 1957 Quaeris,
421 1874 498 1957 quot
519 1871 599 1936 mihi
620 1871 813 1938 basiationes

250 1959 350 2041 Tuae,
372 1958 499 2040 Lesbia,
523 1958 588 2021 sint
610 1957 686 2019 satis
709 1976 872 2040 superque.

251 2041 353 2116 Quam
374 2062 509 2124 magnus
531 2061 681 2104 numerus
702 2039 854 2123 Libyssae
876 2061 991 2106 arenae

250 2125 489 2207 Lasarpiciferis
510 2123 593 2188 iacet
615 2123 763 2208 Cyrenis,

173 2220 196 2272 :o
250 2209 398 2274 Oraclum
420 2207 505 2272 lovis
530 2209 614 2272 inter
635 2209 774 2272 aestuosi

249 2293 294 2356 Et
314 2293 402 2356 Batti
423 2292 539 2356 veteris
562 2313 686 2357 sacrum
708 2294 902 2377 sepulcrum,

248 2380 316 2440 Aut
337 2398 432 2460 quam
455 2377 558 2441 sidera
578 2379 694 2461 multa,
720 2400 792 2441 cunr
814 2383 900 2442 tacet
920 2399 1000 2461 nox,

249 2461 396 2525 Furtivos
418 2460 584 2525 hominum
606 2463 716 2526 vident
738 2484 876 2546 amores,

249 2545 328 2611 Tam
350 2550 382 2609 te
403 2546 492 2610 basia
513 2547 613 2610 multa
633 2547 757 2610 basiare

165 2643 198 2694 10
246 2631 372 2695 Vesano
396 2631 472 2694 satis
496 2634 528 2694 et
549 2651 643 2715 super
666 2629 838 2715 Catullost,

248 2715 335 2792 Quae
356 2737 416 2780 nec
437 2737 660 2799 pernumerare
682 2717 798 2780 curiosi

246 2800 377 2886 Possint
398 2821 457 2864 nec
478 2801 562 2864 mala
582 2800 738 2864 fascinare
760 2801 879 2885 lingua.
963 2829 970 2836 ·

566 2930 719 2942 -nn—-n

592 3019 688 3092 vni.
706 2983 730 3029 “

246 3138 345 3204 Miser
368 3140 506 3225 Catulle,
530 3143 654 3209 desinas
676 3143 826 3226 ineptire,

245 3224 291 3289 Et
311 3224 395 3308 quod
417 3226 504 3288 vides
526 3229 646 3309 perisse
667 3227 826 3309 perditum
849 3225 954 3290 ducas

245 3308 376 3374 Fulsere
399 3308 558 3391 quondam
581 3310 706 3373 candidi
728 3311 788 3375 tibi
810 3311 910 3392 soleS,

246 3393 327 3458 (lum
349 3392 526 3454 ventitabas
549 3413 611 3474 quo
633 3393 738 3475 puella
759 3396 895 3458 ducebat

175 3488 191 3538 δ
244 3479 362 3539 Amata
382 3475 476 3538 nobis
500 3481 652 3558 quantum
675 3478 832 3541 amabitur
852 3479 950 3543 nulla.
