<?xml version="1.0" encoding="UTF-8"?>
<!DOCTYPE html PUBLIC "-//W3C//DTD XHTML 1.0 Transitional//EN"
    "http://www.w3.org/TR/xhtml1/DTD/xhtml1-transitional.dtd">
<html xmlns="http://www.w3.org/1999/xhtml" xml:lang="en" lang="en">
 <head>
  <title>
</title>
<meta http-equiv="Content-Type" content="text/html;charset=utf-8" />
  <meta name='ocr-system' content='tesseract 3.04.00' />
  <meta name='ocr-capabilities' content='ocr_page ocr_carea ocr_par ocr_line ocrx_word'/>
</head>
<body>
  <div class='ocr_page' id='page_1' title='image "./catvllitibvllip00priagoog_0116.png"; bbox 0 0 2470 4010; ppageno 0'>
   <div class='ocr_carea' id='block_1_1' title="bbox 603 165 1172 238">
    <p class='ocr_par' dir='ltr' id='par_1_1' title="bbox 603 165 1172 238">
     <span class='ocr_line' id='line_1_1' title="bbox 603 165 1172 238; baseline 0.011 -18"><span class='ocrx_word' id='word_1_1' title='bbox 603 165 756 222; x_wconf 81' lang='grc'>0111111</span> <span class='ocrx_word' id='word_1_2' title='bbox 996 167 1172 238; x_wconf 80' lang='grc'>[1111111</span> 
     </span>
    </p>
   </div>
   <div class='ocr_carea' id='block_1_2' title="bbox 253 328 888 581">
    <p class='ocr_par' dir='ltr' id='par_1_2' title="bbox 253 328 888 581">
     <span class='ocr_line' id='line_1_2' title="bbox 254 328 887 413; baseline -0.006 -19"><span class='ocrx_word' id='word_1_3' title='bbox 254 329 323 394; x_wconf 80' lang='lat' dir='ltr'>Ten</span> <span class='ocrx_word' id='word_1_4' title='bbox 344 328 508 413; x_wconf 81' lang='lat' dir='ltr'>provincia</span> <span class='ocrx_word' id='word_1_5' title='bbox 528 330 637 393; x_wconf 87' lang='lat' dir='ltr'>narrat</span> <span class='ocrx_word' id='word_1_6' title='bbox 659 349 728 394; x_wconf 86' lang='lat' dir='ltr'>esse</span> <span class='ocrx_word' id='word_1_7' title='bbox 748 328 887 392; x_wconf 78' lang='lat' dir='ltr'>bellam?</span> 
     </span>
     <span class='ocr_line' id='line_1_3' title="bbox 253 411 877 496; baseline -0.006 -18"><span class='ocrx_word' id='word_1_8' title='bbox 253 415 373 478; x_wconf 82' lang='lat' dir='ltr'>Tecum</span> <span class='ocrx_word' id='word_1_9' title='bbox 394 413 510 477; x_wconf 89' lang='lat' dir='ltr'>Lesbia</span> <span class='ocrx_word' id='word_1_10' title='bbox 530 416 641 476; x_wconf 89' lang='lat' dir='ltr'>nostra</span> <span class='ocrx_word' id='word_1_11' title='bbox 663 411 877 496; x_wconf 75' lang='lat' dir='ltr'>conparatur?</span> 
     </span>
     <span class='ocr_line' id='line_1_4' title="bbox 255 497 888 581; baseline -0.005 -18"><span class='ocrx_word' id='word_1_12' title='bbox 255 498 282 562; x_wconf 92' lang='grc' dir='ltr'>Ο</span> <span class='ocrx_word' id='word_1_13' title='bbox 305 498 444 581; x_wconf 87' lang='lat' dir='ltr'>saeelum</span> <span class='ocrx_word' id='word_1_14' title='bbox 465 498 626 581; x_wconf 84' lang='lat' dir='ltr'>insapiens</span> <span class='ocrx_word' id='word_1_15' title='bbox 649 500 681 560; x_wconf 92' lang='lat' dir='ltr'>et</span> <span class='ocrx_word' id='word_1_16' title='bbox 701 497 888 560; x_wconf 76' lang='lat' dir='ltr'><strong>infacetum!</strong></span> 
     </span>
    </p>
   </div>
   <div class='ocr_carea' id='block_1_3' title="bbox 596 627 745 636">
    <p class='ocr_par' dir='ltr' id='par_1_3' title="bbox 596 627 745 636">
     <span class='ocr_line' id='line_1_5' title="bbox 596 627 745 636; baseline -0.007 0"><span class='ocrx_word' id='word_1_17' title='bbox 596 627 745 636; x_wconf 80' lang='lat'>——</span> 
     </span>
    </p>
   </div>
   <div class='ocr_carea' id='block_1_4' title="bbox 560 697 802 785">
    <p class='ocr_par' dir='ltr' id='par_1_4' title="bbox 560 697 802 785">
     <span class='ocr_line' id='line_1_6' title="bbox 560 697 802 785; baseline -0.012 -1"><span class='ocrx_word' id='word_1_18' title='bbox 560 697 802 785; x_wconf 56' lang='grc' dir='ltr'>ΧΧΧΧΙΙΠ.ν</span> 
     </span>
    </p>
   </div>
   <div class='ocr_carea' id='block_1_5' title="bbox 189 833 1160 2604">
    <p class='ocr_par' dir='ltr' id='par_1_5' title="bbox 189 833 1160 2604">
     <span class='ocr_line' id='line_1_7' title="bbox 255 833 979 916; baseline -0.006 -15"><span class='ocrx_word' id='word_1_19' title='bbox 255 837 282 901; x_wconf 94' lang='grc' dir='ltr'>Ο</span> <span class='ocrx_word' id='word_1_20' title='bbox 304 835 402 900; x_wconf 87' lang='lat' dir='ltr'>funde</span> <span class='ocrx_word' id='word_1_21' title='bbox 423 837 533 898; x_wconf 86' lang='lat' dir='ltr'>noster</span> <span class='ocrx_word' id='word_1_22' title='bbox 555 856 611 898; x_wconf 88' lang='lat' dir='ltr'>seu</span> <span class='ocrx_word' id='word_1_23' title='bbox 634 833 751 898; x_wconf 84' lang='lat' dir='ltr'>Sabine</span> <span class='ocrx_word' id='word_1_24' title='bbox 773 855 828 898; x_wconf 89' lang='lat' dir='ltr'>seu</span> <span class='ocrx_word' id='word_1_25' title='bbox 850 833 979 916; x_wconf 80' lang='lat' dir='ltr'>Tibum,</span> 
     </span>
     <span class='ocr_line' id='line_1_8' title="bbox 254 918 1160 1070; baseline 0.002 -86"><span class='ocrx_word' id='word_1_26' title='bbox 254 921 354 1070; x_wconf 41' lang='lat' dir='ltr'>&amp;Nam</span> <span class='ocrx_word' id='word_1_27' title='bbox 375 923 408 983; x_wconf 92' lang='lat' dir='ltr'>te</span> <span class='ocrx_word' id='word_1_28' title='bbox 430 940 497 982; x_wconf 86' lang='lat' dir='ltr'>esse</span> <span class='ocrx_word' id='word_1_29' title='bbox 512 918 676 983; x_wconf 75' lang='lat' dir='ltr'>Tiburtem</span> <span class='ocrx_word' id='word_1_30' title='bbox 691 921 872 1000; x_wconf 73' lang='lat' dir='ltr'>autumant,</span> <span class='ocrx_word' id='word_1_31' title='bbox 895 919 1008 1001; x_wconf 89' lang='lat' dir='ltr'>quibus</span> <span class='ocrx_word' id='word_1_32' title='bbox 1022 939 1090 982; x_wconf 90' lang='lat' dir='ltr'>non</span> <span class='ocrx_word' id='word_1_33' title='bbox 1107 921 1160 986; x_wconf 86' lang='lat' dir='ltr'>est</span> 
     </span>
     <span class='ocr_line' id='line_1_9' title="bbox 282 1002 1042 1086; baseline -0.007 -17"><span class='ocrx_word' id='word_1_34' title='bbox 282 1005 352 1069; x_wconf 91' lang='lat' dir='ltr'>ordi</span> <span class='ocrx_word' id='word_1_35' title='bbox 374 1003 534 1069; x_wconf 79' lang='lat' dir='ltr'>Catullum</span> <span class='ocrx_word' id='word_1_36' title='bbox 555 1003 696 1068; x_wconf 85' lang='lat' dir='ltr'>laedere:</span> <span class='ocrx_word' id='word_1_37' title='bbox 719 1006 753 1066; x_wconf 89' lang='lat' dir='ltr'>at</span> <span class='ocrx_word' id='word_1_38' title='bbox 774 1002 888 1086; x_wconf 85' lang='lat' dir='ltr'>quibus</span> <span class='ocrx_word' id='word_1_39' title='bbox 910 1002 1042 1086; x_wconf 85' lang='lat' dir='ltr'>eordist,</span> 
     </span>
     <span class='ocr_line' id='line_1_10' title="bbox 255 1087 1029 1171; baseline -0.003 -20"><span class='ocrx_word' id='word_1_40' title='bbox 255 1087 373 1163; x_wconf 82' lang='lat' dir='ltr'>Quovis</span> <span class='ocrx_word' id='word_1_41' title='bbox 396 1088 549 1153; x_wconf 83' lang='lat' dir='ltr'>Sabinmn</span> <span class='ocrx_word' id='word_1_42' title='bbox 570 1089 705 1171; x_wconf 87' lang='lat' dir='ltr'>pignore</span> <span class='ocrx_word' id='word_1_43' title='bbox 728 1109 797 1151; x_wconf 91' lang='lat' dir='ltr'>esse</span> <span class='ocrx_word' id='word_1_44' title='bbox 818 1087 1029 1170; x_wconf 80' lang='lat' dir='ltr'>contendunt)</span> 
     </span>
     <span class='ocr_line' id='line_1_11' title="bbox 205 1171 986 1254; baseline -0.001 -18"><span class='ocrx_word' id='word_1_45' title='bbox 205 1187 222 1236; x_wconf 83' lang='lat' dir='ltr'>t</span> <span class='ocrx_word' id='word_1_46' title='bbox 254 1173 317 1238; x_wconf 82' lang='lat' dir='ltr'>Sed</span> <span class='ocrx_word' id='word_1_47' title='bbox 339 1194 394 1236; x_wconf 87' lang='lat' dir='ltr'>seu</span> <span class='ocrx_word' id='word_1_48' title='bbox 416 1173 533 1237; x_wconf 81' lang='lat' dir='ltr'>Sabine</span> <span class='ocrx_word' id='word_1_49' title='bbox 555 1173 621 1236; x_wconf 85' lang='lat' dir='ltr'>sive</span> <span class='ocrx_word' id='word_1_50' title='bbox 642 1172 746 1236; x_wconf 86' lang='lat' dir='ltr'>verius</span> <span class='ocrx_word' id='word_1_51' title='bbox 769 1171 897 1254; x_wconf 84' lang='lat' dir='ltr'>Tiburs,</span> <span class='ocrx_word' id='word_1_52' title='bbox 984 1195 986 1198; x_wconf 68' lang='grc'>’</span> 
     </span>
     <span class='ocr_line' id='line_1_12' title="bbox 253 1256 808 1322; baseline -0.002 -1"><span class='ocrx_word' id='word_1_53' title='bbox 253 1257 314 1322; x_wconf 86' lang='lat' dir='ltr'>Fui</span> <span class='ocrx_word' id='word_1_54' title='bbox 335 1257 473 1320; x_wconf 84' lang='lat' dir='ltr'>libenter</span> <span class='ocrx_word' id='word_1_55' title='bbox 493 1257 529 1320; x_wconf 91' lang='lat' dir='ltr'>in</span> <span class='ocrx_word' id='word_1_56' title='bbox 548 1259 606 1320; x_wconf 87' lang='lat' dir='ltr'>tua</span> <span class='ocrx_word' id='word_1_57' title='bbox 626 1256 808 1320; x_wconf 87' lang='lat' dir='ltr'>suburbana</span> 
     </span>
     <span class='ocr_line' id='line_1_13' title="bbox 252 1340 969 1425; baseline 0 -21"><span class='ocrx_word' id='word_1_58' title='bbox 252 1341 341 1405; x_wconf 89' lang='lat' dir='ltr'>Villa</span> <span class='ocrx_word' id='word_1_59' title='bbox 361 1340 541 1424; x_wconf 86' lang='lat' dir='ltr'>malamque</span> <span class='ocrx_word' id='word_1_60' title='bbox 562 1344 690 1425; x_wconf 81' lang='lat' dir='ltr'>pectore</span> <span class='ocrx_word' id='word_1_61' title='bbox 712 1341 819 1424; x_wconf 85' lang='lat' dir='ltr'>expuli</span> <span class='ocrx_word' id='word_1_62' title='bbox 839 1340 969 1422; x_wconf 83' lang='lat' dir='ltr'>tussim,</span> 
     </span>
     <span class='ocr_line' id='line_1_14' title="bbox 252 1425 996 1508; baseline -0.003 -19"><span class='ocrx_word' id='word_1_63' title='bbox 252 1425 329 1490; x_wconf 90' lang='lat' dir='ltr'>Non</span> <span class='ocrx_word' id='word_1_64' title='bbox 350 1427 520 1489; x_wconf 90' lang='lat' dir='ltr'>inmerenti</span> <span class='ocrx_word' id='word_1_65' title='bbox 542 1447 637 1508; x_wconf 89' lang='lat' dir='ltr'>quam</span> <span class='ocrx_word' id='word_1_66' title='bbox 660 1425 740 1488; x_wconf 84' lang='lat' dir='ltr'>mibi</span> <span class='ocrx_word' id='word_1_67' title='bbox 761 1446 850 1489; x_wconf 87' lang='lat' dir='ltr'>meus</span> <span class='ocrx_word' id='word_1_68' title='bbox 871 1428 996 1508; x_wconf 89' lang='lat' dir='ltr'>venter,</span> 
     </span>
     <span class='ocr_line' id='line_1_15' title="bbox 254 1509 965 1592; baseline -0.001 -20"><span class='ocrx_word' id='word_1_69' title='bbox 254 1509 340 1572; x_wconf 89' lang='lat' dir='ltr'>Dum</span> <span class='ocrx_word' id='word_1_70' title='bbox 362 1513 562 1592; x_wconf 89' lang='lat' dir='ltr'>sumptuosas</span> <span class='ocrx_word' id='word_1_71' title='bbox 584 1510 715 1592; x_wconf 87' lang='lat' dir='ltr'>adpeto,</span> <span class='ocrx_word' id='word_1_72' title='bbox 737 1509 838 1592; x_wconf 85' lang='lat' dir='ltr'>dedit,</span> <span class='ocrx_word' id='word_1_73' title='bbox 861 1530 965 1572; x_wconf 78' lang='lat' dir='ltr'>cenas.</span> 
     </span>
     <span class='ocr_line' id='line_1_16' title="bbox 191 1593 994 1676; baseline -0.001 -20"><span class='ocrx_word' id='word_1_74' title='bbox 191 1608 227 1656; x_wconf 90' lang='lat'>10</span> <span class='ocrx_word' id='word_1_75' title='bbox 254 1593 354 1676; x_wconf 85' lang='lat' dir='ltr'>Nam,</span> <span class='ocrx_word' id='word_1_76' title='bbox 377 1593 541 1658; x_wconf 80' lang='lat' dir='ltr'>Sestianus</span> <span class='ocrx_word' id='word_1_77' title='bbox 563 1594 639 1658; x_wconf 91' lang='lat' dir='ltr'>dum</span> <span class='ocrx_word' id='word_1_78' title='bbox 661 1594 733 1658; x_wconf 85' lang='lat' dir='ltr'>volo</span> <span class='ocrx_word' id='word_1_79' title='bbox 756 1615 825 1658; x_wconf 90' lang='lat' dir='ltr'>esse</span> <span class='ocrx_word' id='word_1_80' title='bbox 847 1593 994 1676; x_wconf 81' lang='lat' dir='ltr'>conviva,</span> 
     </span>
     <span class='ocr_line' id='line_1_17' title="bbox 255 1678 841 1760; baseline -0.003 -18"><span class='ocrx_word' id='word_1_81' title='bbox 255 1678 439 1742; x_wconf 88' lang='lat' dir='ltr'>Orationem</span> <span class='ocrx_word' id='word_1_82' title='bbox 460 1679 496 1742; x_wconf 89' lang='lat' dir='ltr'>in</span> <span class='ocrx_word' id='word_1_83' title='bbox 516 1679 652 1742; x_wconf 87' lang='lat' dir='ltr'>Antium</span> <span class='ocrx_word' id='word_1_84' title='bbox 673 1679 841 1760; x_wconf 88' lang='lat' dir='ltr'>petitorem</span> 
     </span>
     <span class='ocr_line' id='line_1_18' title="bbox 252 1762 894 1846; baseline -0.002 -19"><span class='ocrx_word' id='word_1_85' title='bbox 252 1763 386 1828; x_wconf 87' lang='lat' dir='ltr'>Plenam</span> <span class='ocrx_word' id='word_1_86' title='bbox 407 1763 522 1828; x_wconf 89' lang='lat' dir='ltr'>veneni</span> <span class='ocrx_word' id='word_1_87' title='bbox 544 1765 576 1826; x_wconf 91' lang='lat' dir='ltr'>et</span> <span class='ocrx_word' id='word_1_88' title='bbox 596 1763 797 1846; x_wconf 83' lang='lat' dir='ltr'>pestilentiae</span> <span class='ocrx_word' id='word_1_89' title='bbox 818 1762 894 1846; x_wconf 86' lang='lat' dir='ltr'>legi.</span> 
     </span>
     <span class='ocr_line' id='line_1_19' title="bbox 252 1845 1023 1932; baseline -0.001 -21"><span class='ocrx_word' id='word_1_90' title='bbox 252 1847 315 1913; x_wconf 88' lang='lat' dir='ltr'>Hie</span> <span class='ocrx_word' id='word_1_91' title='bbox 336 1870 388 1913; x_wconf 94' lang='lat' dir='ltr'>me</span> <span class='ocrx_word' id='word_1_92' title='bbox 409 1847 540 1932; x_wconf 86' lang='lat' dir='ltr'>gravido</span> <span class='ocrx_word' id='word_1_93' title='bbox 563 1847 680 1931; x_wconf 88' lang='lat' dir='ltr'>frigida</span> <span class='ocrx_word' id='word_1_94' title='bbox 703 1850 736 1910; x_wconf 89' lang='lat' dir='ltr'>et</span> <span class='ocrx_word' id='word_1_95' title='bbox 755 1846 903 1931; x_wconf 87' lang='lat' dir='ltr'>frequens</span> <span class='ocrx_word' id='word_1_96' title='bbox 925 1845 1023 1910; x_wconf 86' lang='lat' dir='ltr'>tussis</span> 
     </span>
     <span class='ocr_line' id='line_1_20' title="bbox 254 1930 1028 2015; baseline -0.003 -19"><span class='ocrx_word' id='word_1_97' title='bbox 254 1932 543 2015; x_wconf 72' lang='lat' dir='ltr'>Quassavitusque</span> <span class='ocrx_word' id='word_1_98' title='bbox 566 1932 640 1994; x_wconf 90' lang='lat' dir='ltr'>dum</span> <span class='ocrx_word' id='word_1_99' title='bbox 661 1932 697 1994; x_wconf 91' lang='lat' dir='ltr'>in</span> <span class='ocrx_word' id='word_1_100' title='bbox 717 1934 808 1994; x_wconf 91' lang='lat' dir='ltr'>tuum</span> <span class='ocrx_word' id='word_1_101' title='bbox 830 1930 936 1994; x_wconf 86' lang='lat' dir='ltr'>sinum</span> <span class='ocrx_word' id='word_1_102' title='bbox 956 1930 1028 2014; x_wconf 83' lang='lat' dir='ltr'>fugi</span> 
     </span>
     <span class='ocr_line' id='line_1_21' title="bbox 191 2015 867 2098; baseline 0.001 -21"><span class='ocrx_word' id='word_1_103' title='bbox 191 2028 223 2077; x_wconf 80' lang='lat'>15</span> <span class='ocrx_word' id='word_1_104' title='bbox 251 2015 295 2078; x_wconf 83' lang='lat' dir='ltr'>Et</span> <span class='ocrx_word' id='word_1_105' title='bbox 315 2037 367 2080; x_wconf 92' lang='lat' dir='ltr'>me</span> <span class='ocrx_word' id='word_1_106' title='bbox 388 2017 531 2080; x_wconf 85' lang='lat' dir='ltr'>recuravi</span> <span class='ocrx_word' id='word_1_107' title='bbox 553 2017 680 2098; x_wconf 89' lang='lat' dir='ltr'>otioque</span> <span class='ocrx_word' id='word_1_108' title='bbox 702 2018 735 2078; x_wconf 86' lang='lat' dir='ltr'>et</span> <span class='ocrx_word' id='word_1_109' title='bbox 754 2015 867 2080; x_wconf 81' lang='lat' dir='ltr'>urtica.</span> 
     </span>
     <span class='ocr_line' id='line_1_22' title="bbox 254 2097 898 2184; baseline 0.002 -23"><span class='ocrx_word' id='word_1_110' title='bbox 254 2097 358 2174; x_wconf 77' lang='lat' dir='ltr'>Quare</span> <span class='ocrx_word' id='word_1_111' title='bbox 378 2099 514 2164; x_wconf 82' lang='lat' dir='ltr'>refectus</span> <span class='ocrx_word' id='word_1_112' title='bbox 535 2100 689 2164; x_wconf 84' lang='lat' dir='ltr'>maximas</span> <span class='ocrx_word' id='word_1_113' title='bbox 709 2100 770 2163; x_wconf 88' lang='lat' dir='ltr'>tibi</span> <span class='ocrx_word' id='word_1_114' title='bbox 791 2103 898 2184; x_wconf 83' lang='lat' dir='ltr'>grates</span> 
     </span>
     <span class='ocr_line' id='line_1_23' title="bbox 252 2183 1007 2267; baseline 0.001 -22"><span class='ocrx_word' id='word_1_115' title='bbox 252 2183 341 2267; x_wconf 84' lang='lat' dir='ltr'>Ago,</span> <span class='ocrx_word' id='word_1_116' title='bbox 365 2203 471 2246; x_wconf 91' lang='lat' dir='ltr'>meum</span> <span class='ocrx_word' id='word_1_117' title='bbox 493 2184 578 2266; x_wconf 88' lang='lat' dir='ltr'>quod</span> <span class='ocrx_word' id='word_1_118' title='bbox 598 2204 666 2247; x_wconf 91' lang='lat' dir='ltr'>non</span> <span class='ocrx_word' id='word_1_119' title='bbox 687 2205 721 2248; x_wconf 89' lang='lat' dir='ltr'>es</span> <span class='ocrx_word' id='word_1_120' title='bbox 742 2183 811 2248; x_wconf 85' lang='lat' dir='ltr'>ulta</span> <span class='ocrx_word' id='word_1_121' title='bbox 831 2185 1007 2267; x_wconf 84' lang='lat' dir='ltr'>peceatum.</span> 
     </span>
     <span class='ocr_line' id='line_1_24' title="bbox 252 2265 937 2351; baseline 0 -21"><span class='ocrx_word' id='word_1_122' title='bbox 252 2265 322 2330; x_wconf 84' lang='lat' dir='ltr'>Neo</span> <span class='ocrx_word' id='word_1_123' title='bbox 344 2266 497 2350; x_wconf 82' lang='lat' dir='ltr'>deprecor</span> <span class='ocrx_word' id='word_1_124' title='bbox 518 2268 600 2350; x_wconf 92' lang='lat' dir='ltr'>iam,</span> <span class='ocrx_word' id='word_1_125' title='bbox 623 2269 651 2331; x_wconf 86' lang='lat' dir='ltr'>si</span> <span class='ocrx_word' id='word_1_126' title='bbox 671 2268 796 2332; x_wconf 89' lang='lat' dir='ltr'>nefaria</span> <span class='ocrx_word' id='word_1_127' title='bbox 817 2267 937 2351; x_wconf 82' lang='lat' dir='ltr'>scripta</span> 
     </span>
     <span class='ocr_line' id='line_1_25' title="bbox 253 2349 1016 2435; baseline 0.001 -22"><span class='ocrx_word' id='word_1_128' title='bbox 253 2349 337 2414; x_wconf 82' lang='lat' dir='ltr'>Sesti</span> <span class='ocrx_word' id='word_1_129' title='bbox 358 2372 504 2434; x_wconf 86' lang='lat' dir='ltr'>reoeps0,</span> <span class='ocrx_word' id='word_1_130' title='bbox 528 2353 606 2435; x_wconf 89' lang='lat' dir='ltr'>quin</span> <span class='ocrx_word' id='word_1_131' title='bbox 626 2352 826 2435; x_wconf 85' lang='lat' dir='ltr'>gravidinem</span> <span class='ocrx_word' id='word_1_132' title='bbox 847 2355 881 2416; x_wconf 88' lang='lat' dir='ltr'>et</span> <span class='ocrx_word' id='word_1_133' title='bbox 900 2351 1016 2415; x_wconf 86' lang='lat' dir='ltr'>tussim</span> 
     </span>
     <span class='ocr_line' id='line_1_26' title="bbox 189 2433 1060 2532; baseline 0.002 -34"><span class='ocrx_word' id='word_1_134' title='bbox 189 2447 224 2498; x_wconf 79' lang='lat'>20</span> <span class='ocrx_word' id='word_1_135' title='bbox 251 2433 328 2497; x_wconf 91' lang='lat' dir='ltr'>Non</span> <span class='ocrx_word' id='word_1_136' title='bbox 348 2435 409 2520; x_wconf 91' lang='lat' dir='ltr'>mi,</span> <span class='ocrx_word' id='word_1_137' title='bbox 432 2435 488 2499; x_wconf 88' lang='lat' dir='ltr'>sed</span> <span class='ocrx_word' id='word_1_138' title='bbox 509 2436 573 2519; x_wconf 89' lang='lat' dir='ltr'>ipsi</span> <span class='ocrx_word' id='word_1_139' title='bbox 594 2435 698 2500; x_wconf 81' lang='lat' dir='ltr'>Sestio</span> <span class='ocrx_word' id='word_1_140' title='bbox 720 2437 803 2501; x_wconf 86' lang='lat' dir='ltr'>ferat</span> <span class='ocrx_word' id='word_1_141' title='bbox 823 2436 941 2532; x_wconf 77' lang='lat' dir='ltr'>frigus,</span> <span class='ocrx_word' id='word_1_142' title='bbox 1058 2477 1060 2482; x_wconf 83' lang='lat'><em>.</em></span> 
     </span>
     <span class='ocr_line' id='line_1_27' title="bbox 253 2516 1075 2604; baseline 0.004 -23"><span class='ocrx_word' id='word_1_143' title='bbox 253 2516 314 2592; x_wconf 82' lang='lat' dir='ltr'>Qui</span> <span class='ocrx_word' id='word_1_144' title='bbox 335 2523 404 2584; x_wconf 83' lang='lat' dir='ltr'>tum</span> <span class='ocrx_word' id='word_1_145' title='bbox 424 2523 517 2584; x_wconf 82' lang='lat' dir='ltr'>vocat</span> <span class='ocrx_word' id='word_1_146' title='bbox 538 2542 605 2599; x_wconf 89' lang='lat' dir='ltr'>me,</span> <span class='ocrx_word' id='word_1_147' title='bbox 627 2542 700 2584; x_wconf 88' lang='lat' dir='ltr'>cum</span> <span class='ocrx_word' id='word_1_148' title='bbox 720 2521 840 2584; x_wconf 87' lang='lat' dir='ltr'>malum</span> <span class='ocrx_word' id='word_1_149' title='bbox 861 2519 977 2584; x_wconf 74' lang='lat' dir='ltr'>librum</span> <span class='ocrx_word' id='word_1_150' title='bbox 999 2517 1075 2604; x_wconf 86' lang='lat' dir='ltr'>legi.</span> 
     </span>
    </p>
   </div>
   <div class='ocr_carea' id='block_1_6' title="bbox 595 2651 747 2661">
    <p class='ocr_par' dir='ltr' id='par_1_6' title="bbox 595 2651 747 2661">
     <span class='ocr_line' id='line_1_28' title="bbox 595 2651 747 2661; baseline 0 -1"><span class='ocrx_word' id='word_1_151' title='bbox 595 2651 747 2661; x_wconf 72' lang='grc' dir='ltr'>ιιι-.-</span> 
     </span>
    </p>
   </div>
   <div class='ocr_carea' id='block_1_7' title="bbox 578 2710 790 2808">
    <p class='ocr_par' dir='ltr' id='par_1_7' title="bbox 578 2710 790 2808">
     <span class='ocr_line' id='line_1_29' title="bbox 578 2710 790 2808; baseline -0.014 0"><span class='ocrx_word' id='word_1_152' title='bbox 578 2710 790 2808; x_wconf 53' lang='lat' dir='ltr'>runnu?</span> 
     </span>
    </p>
   </div>
   <div class='ocr_carea' id='block_1_8' title="bbox 202 2859 1036 3533">
    <p class='ocr_par' dir='ltr' id='par_1_8' title="bbox 202 2859 1036 3533">
     <span class='ocr_line' id='line_1_30' title="bbox 251 2859 823 2944; baseline -0.005 -21"><span class='ocrx_word' id='word_1_153' title='bbox 251 2862 376 2926; x_wconf 83' lang='lat' dir='ltr'>Acmen</span> <span class='ocrx_word' id='word_1_154' title='bbox 398 2859 580 2944; x_wconf 87' lang='lat' dir='ltr'>Septumius</span> <span class='ocrx_word' id='word_1_155' title='bbox 603 2879 676 2922; x_wconf 85' lang='lat' dir='ltr'>suos</span> <span class='ocrx_word' id='word_1_156' title='bbox 699 2879 823 2921; x_wconf 86' lang='lat' dir='ltr'>amores</span> 
     </span>
     <span class='ocr_line' id='line_1_31' title="bbox 252 2942 989 3030; baseline 0.001 -25"><span class='ocrx_word' id='word_1_157' title='bbox 252 2943 377 3008; x_wconf 80' lang='lat' dir='ltr'>Tenens</span> <span class='ocrx_word' id='word_1_158' title='bbox 399 2946 434 3009; x_wconf 92' lang='lat' dir='ltr'>in</span> <span class='ocrx_word' id='word_1_159' title='bbox 455 2944 578 3030; x_wconf 87' lang='lat' dir='ltr'>gremio</span> <span class='ocrx_word' id='word_1_160' title='bbox 601 2948 705 3008; x_wconf 75' lang='lat' dir='ltr'>‘mea&#39;</span> <span class='ocrx_word' id='word_1_161' title='bbox 728 2943 835 3025; x_wconf 89' lang='lat' dir='ltr'>inquit</span> <span class='ocrx_word' id='word_1_162' title='bbox 856 2942 989 3027; x_wconf 76' lang='lat' dir='ltr'>‘Aome,</span> 
     </span>
     <span class='ocr_line' id='line_1_32' title="bbox 251 3025 949 3112; baseline 0 -22"><span class='ocrx_word' id='word_1_163' title='bbox 251 3025 296 3090; x_wconf 91' lang='lat' dir='ltr'>Ni</span> <span class='ocrx_word' id='word_1_164' title='bbox 317 3031 349 3090; x_wconf 92' lang='lat' dir='ltr'>te</span> <span class='ocrx_word' id='word_1_165' title='bbox 369 3030 493 3112; x_wconf 90' lang='lat' dir='ltr'>perdite</span> <span class='ocrx_word' id='word_1_166' title='bbox 515 3049 586 3094; x_wconf 88' lang='lat' dir='ltr'>amo</span> <span class='ocrx_word' id='word_1_167' title='bbox 609 3031 703 3112; x_wconf 84' lang='lat' dir='ltr'>atque</span> <span class='ocrx_word' id='word_1_168' title='bbox 726 3048 832 3091; x_wconf 85' lang='lat' dir='ltr'>amare</span> <span class='ocrx_word' id='word_1_169' title='bbox 852 3047 949 3111; x_wconf 85' lang='lat' dir='ltr'>porro</span> 
     </span>
     <span class='ocr_line' id='line_1_33' title="bbox 253 3109 890 3196; baseline 0.002 -23"><span class='ocrx_word' id='word_1_170' title='bbox 253 3109 371 3178; x_wconf 86' lang='lat' dir='ltr'>Omnes</span> <span class='ocrx_word' id='word_1_171' title='bbox 393 3135 464 3176; x_wconf 87' lang='lat' dir='ltr'>sum</span> <span class='ocrx_word' id='word_1_172' title='bbox 486 3113 616 3177; x_wconf 88' lang='lat' dir='ltr'>adsidue</span> <span class='ocrx_word' id='word_1_173' title='bbox 637 3114 767 3196; x_wconf 84' lang='lat' dir='ltr'>paratus</span> <span class='ocrx_word' id='word_1_174' title='bbox 790 3133 890 3176; x_wconf 88' lang='lat' dir='ltr'>annos</span> 
     </span>
     <span class='ocr_line' id='line_1_34' title="bbox 202 3191 916 3280; baseline 0.006 -24"><span class='ocrx_word' id='word_1_175' title='bbox 202 3205 219 3256; x_wconf 80' lang='lat'><strong>5</strong></span> <span class='ocrx_word' id='word_1_176' title='bbox 252 3191 412 3267; x_wconf 82' lang='lat' dir='ltr'>Quantum</span> <span class='ocrx_word' id='word_1_177' title='bbox 434 3197 488 3278; x_wconf 93' lang='lat' dir='ltr'>qui</span> <span class='ocrx_word' id='word_1_178' title='bbox 509 3199 584 3280; x_wconf 92' lang='lat' dir='ltr'>pote</span> <span class='ocrx_word' id='word_1_179' title='bbox 605 3195 777 3279; x_wconf 81' lang='lat' dir='ltr'>plurimum</span> <span class='ocrx_word' id='word_1_180' title='bbox 798 3195 916 3280; x_wconf 84' lang='lat' dir='ltr'>perire,</span> 
     </span>
     <span class='ocr_line' id='line_1_35' title="bbox 252 3276 783 3364; baseline 0.008 -23"><span class='ocrx_word' id='word_1_181' title='bbox 252 3276 345 3342; x_wconf 80' lang='lat' dir='ltr'>Solus</span> <span class='ocrx_word' id='word_1_182' title='bbox 367 3279 402 3341; x_wconf 93' lang='lat' dir='ltr'>in</span> <span class='ocrx_word' id='word_1_183' title='bbox 423 3277 524 3360; x_wconf 84' lang='lat' dir='ltr'>Libya</span> <span class='ocrx_word' id='word_1_184' title='bbox 541 3279 676 3364; x_wconf 16' lang='lat' dir='ltr'>,Indiave</span> <span class='ocrx_word' id='word_1_185' title='bbox 697 3283 783 3344; x_wconf 85' lang='lat' dir='ltr'>tosta</span> 
     </span>
     <span class='ocr_line' id='line_1_36' title="bbox 252 3360 776 3428; baseline 0.008 -3"><span class='ocrx_word' id='word_1_186' title='bbox 252 3360 364 3426; x_wconf 81' lang='lat' dir='ltr'>Caesio</span> <span class='ocrx_word' id='word_1_187' title='bbox 385 3362 512 3426; x_wconf 86' lang='lat' dir='ltr'>veniam</span> <span class='ocrx_word' id='word_1_188' title='bbox 534 3363 645 3428; x_wconf 88' lang='lat' dir='ltr'>obvius</span> <span class='ocrx_word' id='word_1_189' title='bbox 667 3364 776 3428; x_wconf 66' lang='lat' dir='ltr'>leoni!</span> 
     </span>
     <span class='ocr_line' id='line_1_37' title="bbox 251 3443 1036 3533; baseline 0.01 -26"><span class='ocrx_word' id='word_1_190' title='bbox 251 3443 323 3509; x_wconf 85' lang='lat' dir='ltr'>Hoa</span> <span class='ocrx_word' id='word_1_191' title='bbox 343 3446 380 3508; x_wconf 87' lang='lat' dir='ltr'>ut</span> <span class='ocrx_word' id='word_1_192' title='bbox 403 3445 496 3528; x_wconf 83' lang='lat' dir='ltr'>dixit,</span> <span class='ocrx_word' id='word_1_193' title='bbox 520 3446 634 3530; x_wconf 88' lang='lat' dir='ltr'>Amor,</span> <span class='ocrx_word' id='word_1_194' title='bbox 657 3448 844 3512; x_wconf 84' lang='lat' dir='ltr'>sinistrant</span> <span class='ocrx_word' id='word_1_195' title='bbox 866 3451 956 3533; x_wconf 90' lang='lat' dir='ltr'>ante,</span> <span class='ocrx_word' id='word_1_196' title='bbox 1032 3470 1036 3478; x_wconf 90' lang='lat'>·</span> 
     </span>
    </p>
   </div>
   <div class='ocr_carea' id='block_1_9' title="bbox 0 0 1241 4004">
    <p class='ocr_par' dir='ltr' id='par_1_9' title="bbox 0 0 1241 4004">
     <span class='ocr_line' id='line_1_38' title="bbox 0 0 1241 4004; baseline 0 0"><span class='ocrx_word' id='word_1_197' title='bbox 0 0 1241 4004; x_wconf 95' lang='lat' dir='ltr'> </span> 
     </span>
    </p>
   </div>
  </div>
 </body>
</html>
