2476 4018
186 243 209 308 a
574 239 774 298 ancarana
1123 242 1180 314 [u.

201 422 237 474 20
292 405 425 472 Discere
446 407 480 470 et
500 404 663 469 exclusum
685 401 760 487 quid
783 403 827 466 sil
848 401 935 466 abire
957 401 1113 488 domum3

250 491 321 559 Nee
342 491 407 555 iarn
428 489 584 573 pallorem
604 489 724 552 totiens
745 485 901 550 mirabere
923 489 1085 571 nostrum,

293 577 362 640 Aul
382 595 439 639 eur
460 573 521 638 sim
541 576 612 637 toto
634 593 767 656 corpore
787 571 896 634 nullus
918 591 989 656 ego.

250 659 284 727 N
286 682 321 725 ec
342 659 403 723 tibi
424 657 577 722 nobilitas
597 657 717 755 poterit
739 677 921 720 succurrere
943 656 1085 722 amanti:

297 744 412 810 Nescit
431 742 534 806 Amor
554 741 669 826 priscis
691 739 802 806 cedere
822 740 1027 825 imaginibus.

203 842 238 896 25
253 827 347 906 Quod
366 828 394 892 si
415 849 514 912 parva
534 829 608 892 tuae
629 825 753 890 dederis
774 826 910 910 vestigia
931 825 1054 909 culpae,

296 913 400 990 Quam
423 913 486 978 cito
509 910 660 976 delanio
682 910 812 974 nomine
833 929 942 976 rumor
963 911 1039 974 eris!

254 997 333 1066 Non
356 1018 416 1082 ego
438 999 507 1062 ium
529 998 640 1080 potero
663 995 783 1060 solacia
803 994 886 1059 ferre
907 995 1047 1080 roganti,

298 1082 380 1148 Gum
401 1080 482 1145 mihi
503 1081 592 1144 nulla
612 1080 676 1144 mei
698 1079 741 1144 sil
761 1078 920 1144 medicina
939 1079 1026 1162 mali,

254 1165 318 1232 Sed
338 1165 458 1250 pariter
478 1165 588 1230 miseri
611 1164 697 1229 socio
720 1185 758 1228 co
784 1185 873 1228 emur
894 1185 1002 1228 amore

204 1263 240 1316 so
295 1249 389 1314 Alter
410 1249 445 1312 in
468 1249 599 1312 alterius
620 1252 730 1312 mutua
774 1269 827 1312 ere
848 1249 929 1313 sinu.

257 1333 371 1416 Quare,
394 1332 470 1416 quid
490 1333 595 1418 possit
614 1353 686 1398 mea
707 1331 856 1416 Cynthia,
879 1333 997 1416 desine,
1020 1331 1136 1418 Galle,

297 1417 473 1494 Quaerere:
494 1436 562 1483 non
582 1418 702 1502 inpune
724 1418 780 1482 illa
800 1419 915 1503 rogata
935 1418 1032 1482 venit.

642 1631 704 1708 Vl.

254 1757 335 1824 Non
350 1776 410 1841 ego
424 1777 509 1820 nunc
521 1753 659 1820 Hadriae
670 1776 782 1821 vereor
794 1778 882 1820 mare
895 1777 1027 1822 noscere
1037 1757 1169 1840 tecum,

299 1841 400 1924 lulle,
422 1861 525 1988 nppppe
545 1841 677 1925 Aegaeo
699 1839 812 1906 ducere
832 1841 904 1905 vela
925 1842 1003 1925 salo,

258 1925 339 1993 Cum
362 1946 424 2010 quo
500 1925 607 2008 'paeos
627 1926 748 2008 possim
771 1925 982 1990 conscendere
1003 1931 1140 1990 montes
1235 1933 1236 1989 l

300 2009 504 2093 Vlteriusque
526 2008 620 2073 domo
642 2010 757 2074 vadere
777 2009 977 2095 Memnonia;

229 2093 323 2161 oSed
343 2116 396 2158 me
417 2093 590 2177 conplexae
610 2097 810 2159 remorantur
830 2095 926 2159 verba
946 2094 1083 2178 puellae,

300 2178 486 2262 Mutaloque
506 2199 619 2262 graves
641 2200 735 2262 saepe
758 2179 863 2244 colore
884 2201 1003 2263 preces.

257 2261 319 2328 Illa
339 2261 420 2326 miln'
440 2263 518 2326 iotis
540 2285 575 2326 ar
618 2265 668 2326 iat
688 2263 835 2328 noctibus
857 2264 949 2350 ignes

301 2346 346 2411 Ee
366 2348 508 2430 queritur
528 2368 552 2410 n
599 2367 634 2410 os
657 2369 726 2412 esse
747 2348 859 2413 relicta
879 2348 966 2433 deos,

258 2429 319 2497 Illa
340 2451 445 2496 meam
466 2429 546 2493 mihi
567 2430 632 2495 iam
654 2453 687 2496 se
709 2432 855 2517 denegat,
878 2433 934 2497 illa
954 2433 1108 2518 minatur,
1231 2465 1232 2485 ι

212 2530 246 2581 10
302 2515 390 2592 Quae
412 2514 495 2579 solet
515 2514 643 2600 ingrato
664 2517 766 2582 tuscis
789 2519 891 2582 amica
910 2518 989 2582 viro.

128 2666 134 2680 ,
259 2599 321 2666 His
343 2621 403 2686 ego
425 2620 492 2665 non
514 2599 626 2664 horam
647 2621 778 2684 possum
799 2603 913 2668 durare
934 2603 1090 2686 querelis:

301 2688 332 2750 A
353 2687 472 2769 pereat,
496 2685 594 2768 siquis
617 2685 721 2750 lentus
743 2709 850 2752 amare
871 2689 993 2771 potest!
1229 2681 1230 2733 l

258 2771 313 2836 An
333 2768 413 2833 mihi
435 2769 579 2834 sitienti
602 2769 711 2834 dociae
732 2792 927 2856 cognoscere
947 2770 1097 2835 Athenas
1228 2775 1229 2860 l

300 2855 407 2938 Atque
428 2854 526 2918 Asiae
547 2857 669 2918 veteres
692 2876 820 2920 cernere
843 2856 979 2940 diutius,
1041 2855 1049 2868 '

211 2939 304 3007 1on
324 2937 404 3003 mihi
426 2938 559 3003 deducta
578 2938 677 3003 faciat
699 2941 839 3006 convitia
859 2941 960 3026 puppi

301 3023 441 3108 Cynthia
463 3026 495 3087 el
515 3023 637 3088 insanis
660 3045 717 3088 ora
737 3029 828 3091 nolet
848 3026 1005 3108 manibus,

160 3139 161 3144 ¹
260 3107 438 3204 Osculaque
459 3107 607 3191 opposito
630 3107 716 3173 dicat
737 3109 798 3174 sibi
820 3110 928 3175 debita
949 3113 1046 3175 vento

302 3192 347 3256 nc
366 3191 448 3257 nihil
469 3192 568 3256 infido
590 3193 698 3258 durius
720 3216 789 3259 esse
810 3195 902 3260 viro?

260 3277 310 3342 Tu
330 3277 437 3359 patrui
457 3278 587 3344 merilas
611 3299 725 3344 conare
747 3281 848 3344 antire
871 3301 995 3346 secures

210 3375 246 3429 so
300 3359 346 3424 Ei
366 3361 472 3425 velera
493 3361 601 3426 obliiis
622 3363 691 3426 iura
710 3365 795 3428 refer
816 3365 921 3430 sociis.

259 3444 345 3512 Nam
365 3447 421 3507 ina
441 3467 508 3509 non
529 3447 615 3509 aetas
637 3468 787 3531 umquam
810 3450 944 3515 cessavit
966 3447 1077 3533 amori,

303 3529 434 3614 Semper
456 3531 488 3595 el
509 3533 648 3622 amatae
670 3553 745 3598 cura
765 3535 829 3600 fuit
848 3534 985 3620 patriae3
