2470 4010
453 227 569 284 LIBER.
957 219 1001 286 25

161 391 208 457 Vt
227 392 334 456 tecum
355 391 515 474 loquerer,
538 389 694 473 simulque
715 391 751 454 ut
773 409 884 455 essem.

160 479 208 541 At
229 475 353 540 defessa
373 475 482 539 labore
503 474 646 540 membra
666 477 836 558 postquem

162 560 376 625 semimortua
396 559 514 624 lectulo
536 558 697 642 iacebant,
967 567 1001 617 15

161 642 248 728 Hoc,
271 643 422 726 iocunde,
445 641 505 706 tibi
525 663 642 727 poema
662 641 739 724 feci,

160 727 213 792 Ex
234 748 296 812 quo
317 727 515 876 Serrpiceres
536 749 643 792 meum
663 726 816 790 dolorem.

161 811 258 876 Nunc
279 833 318 876 au
341 833 381 876 ax
402 811 558 894 ceveuis,
581 831 753 895 precesque
773 811 915 892 nostrae,

164 895 315 979 Oramus,
340 916 414 960 cave
437 895 586 992 despuere,
609 894 724 978 ocelle,

162 977 214 1043 Ne
233 999 354 1063 poenas
375 978 522 1043 Ncmesrs
542 981 691 1063 reposcat
712 1001 731 1042 e
752 980 793 1042 te.
966 988 1002 1038 20

162 1061 373 1127 nivernens
395 1061 469 1126 dec:
491 1063 616 1128 laedere
636 1063 720 1127 hanc
742 1063 862 1126 cavete.

444 1192 597 1204 -—=-

484 1277 544 1351 LI.

162 1391 223 1456 Ille
244 1391 289 1455 mi
310 1412 369 1538 far
390 1411 459 1456 csse
481 1390 540 1455 dec
562 1391 702 1476 videtur,

163 1475 240 1558 Ille,
263 1475 291 1539 ri
326 1497 361 1540 as
384 1479 446 1558 est,
469 1496 616 1558 superare
639 1476 745 1559 divos,

164 1559 227 1636 Qui
249 1559 361 1624 sedens
384 1560 532 1624 adversus
554 1560 728 1624 identidem
749 1564 782 1624 te

262 1643 391 1726 Spectat
414 1644 555 1710 claudit

163 1726 266 1792 Dulce
287 1727 460 1810 ridentem,
481 1729 597 1792 misero
620 1727 705 1810 quod
727 1726 832 1791 omnis
985 1735 1002 1788 δ

162 1811 272 1958 Erigit
293 1833 404 1876 sensus
425 1810 520 1876 mihi:
542 1833 617 1875 nam
639 1811 734 1876 simul
754 1814 802 1892 te,

163 1895 227 1960 Les
249 1895 296 1978 ic,
319 1896 443 1980 aspexi,
465 1893 547 1958 nihil
569 1898 618 1959 est
639 1915 733 1978 super
754 1895 799 1956 mi

163 2064 290 2149 Lingua
312 2064 368 2128 sed
387 2066 512 2147 torpet,
533 2063 639 2128 tenuis
662 2063 720 2127 sub
742 2065 829 2127 crtus

164 2148 310 2212 Flamma
332 2149 493 2231 demanet,
517 2149 624 2212 sonitu
645 2150 760 2230 suopte
971 2159 1004 2208 10

166 2231 336 2296 Tintinant
356 2254 446 2296 eures
468 2233 627 2317 geminae,
647 2235 801 2316 teguntur

263 2315 399 2382 Lumina
420 2320 522 2382 nocte.

479 2522 559 2597 Hb·
583 2537 607 2557 υ

169 2637 278 2702 Otium
283 2687 293 2721 ,
316 2637 456 2722 Catulle,
477 2638 538 2703 tibi
558 2637 773 2704 molestumst:

170 2721 245 2786 Otio
267 2721 390 2788 exultes
410 2723 607 2805 nimiumque
628 2721 738 2869 gestis.

170 2805 279 2870 Otium
301 2809 333 2872 et
352 2829 445 2892 reges
465 2807 555 2891 prius
576 2809 609 2870 et
652 2807 738 2870 ectus
974 2811 1006 2862 15

265 2889 409 2956 Perdidit
429 2891 532 2958 urbes.

449 3020 601 3032 .—.—--

485 3095 563 3168 LII.
578 3095 604 3131 ‘s

170 3209 254 3287 Quid
276 3215 340 3296 est,
363 3209 510 3280 Catulle?
533 3209 609 3294 quid
629 3208 762 3274 moreris
784 3209 905 3274 emori?

170 3294 255 3362 Sella
276 3296 312 3360 in
332 3297 434 3362 curuli
455 3300 575 3360 struma
595 3293 721 3359 Nonius
744 3294 846 3378 sedet,

169 3378 231 3444 Per
254 3381 453 3446 consulatum
473 3381 595 3464 peierat
616 3378 782 3445 Vatinius:

170 3463 254 3539 Quid
276 3468 339 3550 eet,
362 3465 509 3530 Oeudle?
532 3463 609 3548 quid
629 3463 764 3528 meraris
786 3459 907 3526 emori?

449 3595 600 3604 —.———
