2492 4022
846 131 863 174 λ

173 228 233 294 112
568 231 735 302 eamear.

537 345 539 352 ⁴
580 397 725 473 aava.

235 529 411 616 Penelopes
432 528 569 614 primam
590 526 693 593 Didus
715 528 767 594 fae
787 528 891 614 prima
913 572 1060 613 „qam

277 617 322 680 Et
342 616 478 700 primam
500 612 613 678 Cadmi
635 613 758 697 syllaba
778 615 883 700 prima
903 613 1013 697 Remi,

237 700 390 784 Quodque
413 699 450 764 fit
471 721 510 762 ex
531 699 610 781 illis,
632 697 713 762 mihi
734 701 771 762 tu
793 699 967 781 deprensus
989 700 1025 764 in
1046 697 1142 766 horto

278 785 344 852 Fur
366 783 471 850 dabis:
494 781 555 848 hae
575 803 680 867 poena
703 782 796 868 culpa
816 783 933 848 luenda
954 785 1051 848 tuest.

574 1031 736 1107 axum.
824 1011 858 1083 v

237 1157 388 1222 Rusticus
410 1153 539 1219 indocte
561 1154 590 1218 si
612 1155 686 1238 quid
709 1154 827 1220 dixisse
848 1153 995 1238 videbor,

281 1241 331 1306 Da
351 1240 494 1305 veniam:
516 1239 616 1328 libros
637 1259 706 1304 non
726 1239 815 1324 lego,
837 1261 934 1323 poma
955 1240 1041 1324 lego.

126 1339 127 1342 ’
240 1325 302 1390 Sed
324 1325 411 1390 rudis
433 1323 487 1388 bie
508 1323 673 1388 dominum
694 1323 814 1388 totiens
837 1324 945 1391 audire
967 1324 1134 1410 legentem

283 1408 405 1494 Cogor,
427 1407 633 1473 Homeriacas
657 1407 833 1492 edidieique
854 1412 957 1474 notas.

207 1494 298 1559 oIlle
320 1497 426 1577 vocat,
449 1493 534 1577 quod
555 1515 615 1558 nos
637 1492 766 1577 psolen,
789 1495 955 1574 ψολόεντα
972 1495 1147 1574 κεραυνόν,

282 1578 335 1662 Id,
359 1576 444 1661 quod
465 1598 524 1642 nos
549 1578 670 1662 culum,
692 1579 829 1644 κουλεόν
852 1578 907 1642 ille
927 1580 1036 1662 vocat3

243 1665 433 1744 Μερδαλέον
457 1664 542 1727 certe
564 1661 593 1726 si
613 1684 664 1727 res
686 1683 753 1727 non
774 1660 894 1727 munda
914 1665 1065 1746 vocatur,
1143 1694 1149 1699 ·

284 1750 328 1814 nt
348 1747 541 1832 pediconnm
561 1747 705 1810 mentula
725 1747 925 1811 merdaleast.

243 1833 349 1910 Quid?
371 1832 436 1896 nisi
457 1831 612 1896 Taenario
634 1831 808 1914 placuisset
828 1831 943 1896 Troica
965 1853 1072 1896 cunno

194 1932 228 1982 10
284 1918 442 1998 Mentula,
465 1916 551 2001 quod
574 1919 715 2000 caneret,
738 1936 806 1980 non
826 1914 991 1981 habuisset
1011 1937 1104 1999 opus.

243 2002 388 2066 Mentula
410 1999 598 2064 Tantalidae
619 1999 701 2064 bene
723 2001 751 2064 si
772 2022 839 2064 non
860 2003 937 2064 nata
957 1999 1090 2084 fuisset,

286 2085 358 2168 Nil,
381 2085 488 2149 senior
509 2083 647 2167 Chryses
669 2084 753 2168 quod
777 2087 974 2169 quereretur,
998 2087 1076 2150 erat.

245 2169 335 2234 Haec
357 2169 467 2233 eadem
489 2169 611 2234 socium
632 2171 742 2232 tenera
763 2170 912 2254 spoliavit
933 2169 1049 2252 amica,

288 2254 437 2335 Quaeque
459 2255 527 2316 erat
546 2253 724 2337 Aeacidae,
746 2255 861 2318 maluit
883 2275 951 2318 esse
974 2275 1075 2318 suam.

195 2351 229 2401 15
244 2335 303 2402 Ille
325 2335 562 2402 Pelethroniam
585 2338 702 2402 cecinit
722 2338 902 2404 miserabile
925 2359 1054 2402 carmen

288 2422 340 2486 Ad
364 2420 531 2505 citharam,
556 2421 678 2488 cithara
698 2423 820 2487 tensior
841 2423 910 2507 ipse
932 2443 998 2487 sua.

246 2505 374 2573 Nobilis
395 2505 473 2570 hine
494 2508 572 2570 nata
592 2529 707 2590 nempe
729 2507 844 2592 incipit
864 2508 941 2572 Ilias
962 2507 1026 2572 irat

288 2590 486 2676 Principium
508 2591 590 2656 sacri
613 2591 761 2666 carminis
783 2592 840 2656 illa
860 2592 932 2658 fuit.

248 2677 360 2741 Altera
381 2676 545 2740 materiast
566 2698 654 2740 error
673 2675 815 2741 fallentis
836 2676 939 2742 Vlixi:

194 2775 232 2824 so
290 2761 325 2827 si
345 2783 456 2826 verum
478 2781 624 2844 quaeras,
646 2761 732 2826 hunc
754 2783 878 2845 quoque
899 2762 1001 2826 movit
1021 2782 1124 2826 amor.

247 2846 334 2911 Hinc
355 2845 474 2931 legitur
493 2845 598 2928 radix,
620 2845 660 2909 de
682 2867 746 2929 qua
765 2846 825 2910 flos
848 2868 960 2912 aureus
983 2845 1063 2929 exit3

291 2930 392 3007 Quem
415 2952 486 2995 cum
508 2933 598 3011 μῶλυ
620 2934 727 3014 vocat,
750 2931 894 2995 mentula
916 2936 1006 3014 μῶλυ
1027 2931 1101 2994 fuit.

248 3014 335 3079 Hinc
356 3015 387 3078 le
413 3015 420 3028 ‘
455 3037 493 3079 us
517 3013 632 3080 Circen
653 3015 933 3114 Atlantiademque
956 3014 1124 3099 Calypson

293 3099 380 3164 Gran
403 3099 433 3162 ia
454 3098 596 3164 Dulichii
617 3121 695 3164 vasa
715 3101 835 3184 petisse
855 3101 930 3183 vni,

196 3195 233 3246 25
247 3181 351 3248 Huius
374 3185 406 3245 et
426 3184 557 3248 Alcinoi
577 3184 724 3250 miratast
743 3185 810 3250 filis
829 3185 1009 3250 membrum

291 3265 469 3332 mordenti
489 3289 578 3332 ramo
600 3270 654 3333 vix
675 3269 817 3354 potuisse
838 3271 915 3356 tegi.

249 3351 302 3414 Ad
323 3350 463 3414 vetulam
484 3354 593 3416 tamen
607 3354 661 3418 ille
677 3377 767 3419 snam
803 3355 982 3440 roperabat,
999 3357 1030 3419 et
1045 3356 1158 3421 omnis

292 3433 387 3530 Mens
408 3436 532 3499 eratin
554 3457 673 3521 cunno,
696 3377 891 3524 Penelopea,
912 3442 983 3524 tuo;
1063 3525 1066 3529 .

251 3516 339 3592 Quae
361 3537 407 3580 sio
430 3521 516 3583 casta
536 3540 662 3604 manes,
684 3522 806 3586 utiam
829 3524 974 3588 convivia
994 3522 1096 3607 visas,
