2486 4010
174 209 217 272 82
557 211 752 268 reconem
1045 209 1162 284 [amr.

283 377 415 441 Invocet
436 377 577 459 Antiope
599 397 694 460 quem
715 375 780 439 nisi
801 374 911 438 vincta
932 373 1065 439 Iovem?

240 461 317 526 Sola
330 465 455 544 tamen,
475 481 690 545 quaecumque
707 459 841 524 aderent
852 459 888 522 in
905 479 1038 542 corpore
1050 458 1158 542 vireS,

282 545 419 630 Regales
441 546 582 609 manices
603 545 691 628 rupit
711 548 845 627 utraque
867 565 976 607 manu.

190 642 224 691 25
238 629 318 694 Inde
340 629 542 694 Cithaeronis
563 629 677 693 timido
699 629 780 712 pede
802 627 901 692 currit
921 628 957 691 in
980 647 1077 692 arces

283 713 356 778 Nox
378 719 460 797 erat,
483 717 516 778 et
537 735 647 797 sparso
669 713 761 776 triste
783 712 887 776 cubile
908 713 994 797 gelu.

241 798 341 882 Saepe
363 819 445 884 vago
467 799 570 880 Asopi
591 797 696 872 sonitu
719 799 865 881 permota
885 795 1015 860 fluentis

284 883 441 948 Credebat
463 882 610 946 dominae
630 903 715 966 pone
737 882 844 946 venire
866 880 973 964 pedes.

239 966 284 1031 Et
304 967 417 1030 durum
440 966 575 1030 Zethum
597 967 630 1030 et
651 965 790 1030 lacrimis
805 964 991 1049 Amphiona
1011 965 1151 1031 mollem

189 1063 224 1112 80
279 1051 453 1135 Expertast
473 1050 606 1115 stabulis
627 1053 730 1114 mater
752 1050 866 1114 abacta
888 1051 962 1114 suis.

239 1137 289 1200 Ac
311 1137 424 1220 veluti,
446 1157 582 1220 magnos
604 1156 677 1200 cum
698 1137 824 1218 ponunt
845 1156 984 1218 aequora
1005 1136 1133 1218 motuis,

281 1217 386 1282 Eurus
408 1219 464 1283 ubi
486 1219 617 1283 adverso
640 1219 759 1284 desinit
779 1219 826 1283 ire
847 1217 949 1303 Noto,

239 1302 361 1367 Littore
384 1304 411 1366 si
432 1303 530 1366 tacito
553 1303 677 1368 sonitus
698 1303 831 1368 rarescit
850 1302 1002 1387 harenae,

283 1385 335 1452 Sic
358 1386 458 1473 (cadit
478 1387 595 1452 inflexo
617 1387 706 1470 lapsa
727 1388 834 1472 puella
853 1387 955 1473 genu)

189 1483 224 1534 85
240 1470 331 1554 Sera,
354 1475 462 1536 tamen
483 1473 600 1556 pietas:
622 1473 707 1536 netis
731 1475 780 1536 est
802 1473 949 1556 cognitus
971 1493 1070 1538 error.

280 1555 388 1641 Digne
410 1555 495 1621 Iovis
517 1560 610 1620 notos
632 1556 687 1640 qui
707 1559 816 1621 tueare
838 1577 953 1639 senex,

239 1641 289 1706 Tu
310 1642 415 1705 reddis
437 1643 543 1724 pueris
565 1643 714 1723 matrem,
738 1641 890 1725 puerique
910 1639 1103 1706 trahendam

281 1725 462 1789 Vinxerunt
483 1725 600 1790 Dircen
622 1726 680 1789 sub
702 1725 801 1788 trucis
824 1745 880 1789 ora
900 1725 1002 1789 bovis.

239 1810 396 1894 Antiope,
419 1830 575 1895 cognosce
596 1808 721 1874 Iovem:
742 1809 804 1873 tibi
825 1809 928 1894 gloria
948 1808 1045 1874 Dirce

189 1906 225 1956 40
280 1894 415 1959 Ducitur
435 1895 471 1958 in
491 1895 600 1958 multis
622 1896 759 1958 mortem
781 1893 930 1957 habitura
951 1894 1041 1958 locis

239 1978 336 2043 Prata
358 1982 565 2042 cruentantur
586 1978 702 2062 Zetho,
724 1979 889 2062 victorque
911 1979 1046 2044 canebat

282 2062 409 2127 Paeona
429 2063 594 2146 Amphion
614 2085 708 2146 rupe,
730 2063 932 2146 Aracyntho,
954 2067 1018 2126 tua.

239 2146 286 2210 At
306 2149 342 2210 tu
363 2168 430 2210 non
451 2149 597 2212 meritam
618 2169 729 2232 parces
751 2169 864 2210 venare
876 2146 1078 2230 ¹Lycinnamt

281 2229 395 2292 Nescit
416 2235 522 2295 vestra
542 2253 638 2296 ruens
660 2233 708 2296 ira
728 2232 847 2296 referre
868 2231 991 2315 pedem.

189 2327 223 2380 45
238 2312 360 2379 Fabula
381 2314 470 2377 nulla
490 2319 563 2378 tuas
586 2317 630 2378 de·
645 2316 739 2380 nobis
762 2316 902 2380 concitet
923 2337 1029 2382 sures:

283 2397 327 2462 'le
350 2397 450 2462 solam
472 2400 504 2461 et
525 2400 623 2482 lignis
645 2400 766 2464 funeris
788 2403 878 2465 ustus
900 2421 1013 2465 omem.

584 2530 737 2542 -----..

547 2611 614 2686 xv
642 2609 767 2714 [nup

239 2736 315 2802 Nox
341 2736 461 2819 media,
493 2739 525 2800 et
546 2736 693 2801 dominae
715 2736 797 2802 mihi
815 2727 904 2803 venit
925 2738 1063 2822 epistula
1081 2760 1141 2804 no·

283 2905 399 2970 Tibure
420 2927 472 2972 me
493 2906 592 2970 missa
612 2907 706 2970 iussit
727 2825 966 2991 adedileaeniora,

240 2990 467 3074 Candidaque
491 2991 636 3075 geminas
664 2992 838 3057 ostendunt
860 2992 997 3055 culmina
1019 2995 1139 3078 humes,

277 3075 326 3138 Et
348 3075 433 3138 cadit
453 3075 487 3138 in
508 3077 635 3158 patulos
657 3075 788 3158 lympha
808 3077 936 3140 Aniena
958 3077 1055 3142 lacus.

211 3169 228 3220 o
243 3157 326 3234 Quid
340 3159 478 3224 faciam?
501 3160 646 3224 obductis
662 3161 859 3225 committam
874 3183 967 3225 mens
982 3161 1138 3248 tenebris,

281 3241 327 3306 Vt
347 3244 477 3307 timeam
499 3245 632 3310 audaces
653 3245 689 3309 in
710 3268 782 3309 mea
803 3246 947 3309 membra
969 3245 1099 3310 manus?

238 3326 285 3391 At
307 3326 334 3388 si
357 3325 508 3390 distulero
531 3328 610 3394 haec
630 3333 741 3394 nostro
763 3329 914 3394 mandata
934 3331 1068 3414 timore,

156 3455 161 3466 .
280 3409 446 3474 Nocturno
468 3410 560 3473 fletus
583 3415 706 3478 saevior
727 3415 819 3479 hoste
844 3414 933 3479 mihi.

237 3493 406 3558 Peeoaram
428 3493 540 3576 semel,
563 3497 595 3558 et
609 3501 712 3562 totum
727 3521 797 3565 sum
811 3500 923 3586 pulsus
944 3499 981 3563 in
998 3521 1134 3590 sunum:
