2486 4010
214 232 258 312 54
592 247 787 304 raoruauu
1071 247 1184 320 [xxvi.

322 409 461 476 Pulchra
482 411 526 474 su
547 410 582 474 in
604 410 742 495 superis,
765 410 791 474 ei
814 409 903 484 licei,
926 431 991 478 una
1012 409 1103 474 loeis.
1148 424 1185 472 oo

251 493 490 562 oVobieoumet
510 493 602 578 Iope,
624 495 790 558 vobiscum
812 493 945 558 candida
967 493 1051 576 Tyro
1058 542 1068 578 ,

321 577 498 645 Vobiscum
519 577 648 662 Europe
669 599 729 642 neo
749 577 852 662 proba
873 576 1045 662 Pasiphae,

280 663 325 729 111
339 667 417 747 quoi
431 663 527 728 Troia
540 662 616 726 tulit
629 665 720 726 vetus
736 669 769 726 et
783 665 863 745 quoi
876 661 999 726 Achaia
1013 661 1146 746 formae,

323 747 367 812 Et
389 747 497 812 Thebe
519 751 553 812 et
571 745 693 812 Priami
715 745 819 810 diruta
840 767 941 830 regna
961 745 1062 810 senis:

281 831 325 897 ut
340 852 554 915 quaecumque
569 831 686 894 eratin
698 851 832 894 numero
846 829 993 894 Romana
1006 831 1125 915 puella,
1147 845 1184 894 55

233 929 267 980 10
323 915 463 981 Oooidii:
484 913 542 980 hae
565 935 675 979 omnes
697 914 783 999 ignis
804 935 917 978 avarus
938 914 1046 980 habet.

281 999 350 1067 Neo
365 1001 468 1064 forma
482 1002 647 1064 aeternum
663 1001 718 1062 aut
732 998 911 1096 cuiquamsi
925 998 1054 1064 fortuna
1067 1021 1139 1082 per-

827 1104 934 1148 eume:

324 1167 468 1252 Longius
483 1171 539 1233 aui
552 1168 683 1252 propius
698 1188 784 1232 mors
799 1189 857 1232 sua
892 1187 1026 1250 uemque
1040 1173 1160 1233 manet.

282 1251 331 1318 Tu
346 1252 496 1335 quoniam
511 1273 554 1330 es,
570 1274 642 1317 mea
656 1253 721 1334 iux,
735 1273 789 1316 ma
835 1189 1000 1316 oiimissa
1013 1253 1146 1336 periclo,

323 1335 457 1400 Munera
471 1334 595 1401 Dianae
616 1335 779 1401 deuitare
802 1335 841 1400 de
862 1335 992 1418 choros,
1148 1351 1183 1400 60

235 1433 267 1484 15
281 1419 390 1486 Redde
402 1419 499 1484 eiiam
510 1419 659 1485 excubias
671 1420 762 1484 divae
772 1439 868 1504 nuno,
884 1422 958 1484 anie
969 1420 1139 1506 iuvencae,

324 1503 458 1570 votivas
480 1507 591 1569 noctes
612 1507 645 1568 ei
665 1502 746 1568 mihi
767 1504 855 1569 solve
876 1503 994 1570 decem.

624 1633 775 1644 un-—u-——n

512 1719 650 1793 xuvu
675 1719 886 1814 [uxvuup

283 1843 450 1922 Extrema,
470 1864 541 1908 mea
563 1843 632 1926 lux,
654 1863 726 1907 eum
746 1846 841 1926 potus
862 1845 957 1908 noete
977 1865 1132 1930 vagarer,

325 1928 395 1994 Nee
416 1948 467 1992 me
489 1948 651 1992 seruorum
673 1927 803 1992 duceret
822 1927 889 1991 ulla
909 1948 1038 2010 manue,

284 2011 400 2094 Obvia,
421 2012 611 2094 nescioquot·
630 2012 735 2095 pueri,
757 2009 838 2075 mihi
859 2011 953 2076 turba
972 2012 1100 2076 minuta

325 2093 467 2160 Venerat
489 2095 562 2192 (hos
583 2095 686 2162 vetuit
706 2117 757 2159 me
777 2115 944 2160 numerare
964 2095 1097 2180 timor),

255 2177 428 2253 eQuorum
450 2179 662 2264 ali1faoulas,
684 2180 740 2244 alii
760 2179 896 2244 retinere
918 2201 933 2244 s
976 2179 1069 2262 ittae,

325 2260 403 2325 Pare
427 2263 524 2328 etiam
545 2263 645 2328 visast
665 2263 772 2329 vinela
791 2285 903 2348 parare
995 2263 1013 2328 ⁸.

284 2342 347 2410 Sed
368 2344 446 2408 nudi
467 2346 605 2411 fuerunt.
649 2368 784 2430 quorum
805 2347 952 2414 laeeivior
973 2367 1072 2432 unus,

323 2427 480 2512 5Arripiie
502 2427 614 2512 hune‚’
636 2431 754 2516 inquit,
778 2437 865 2496 ‘nam
879 2432 960 2496 bene
973 2433 1079 2496 nostis
1094 2455 1187 2499 eum:

283 2512 347 2579 Hie
369 2515 451 2596 erat,
474 2511 560 2578 huno
581 2514 695 2580 mulier
714 2515 809 2580 nobis
830 2518 913 2582 irata
933 2516 1075 2581 locavit!

236 2613 269 2664 10
324 2595 431 2681 Diria·
451 2600 484 2662 ei
504 2598 540 2662 in
561 2599 645 2663 eollo
666 2599 731 2664 iam
751 2600 831 2666 mihi
850 2600 954 2665 nodus
975 2603 1052 2666 erat.

283 2681 346 2747 Hie
368 2682 449 2748 alter
469 2683 559 2747 iubet
579 2683 615 2747 in
634 2683 774 2752 medium
794 2684 987 2770 propellere,
1008 2685 1041 2748 et
1061 2685 1167 2770 alter,

327 2765 499 2849 ‘Intereai,
522 2767 577 2851 qui
597 2789 658 2834 nos
678 2789 747 2846 uon
767 2772 860 2852 putat
881 2790 951 2834 esse
971 2769 1063 2834 deos!

283 2851 374 2917 Haeo
395 2853 427 2916 te
448 2872 516 2916 non
537 2851 686 2917 meritum
706 2854 791 2918 totas
814 2855 961 2937 expectat
981 2853 1016 2916 in
1037 2851 1155 2921 horas:

325 2937 371 3000 At
391 2939 428 3000 tu
448 2936 635 3019 nescioquas
657 2936 781 3020 quaeris
787 2986 797 3020 ‚
818 2937 943 3022 impie,
965 2937 1054 3002 foris.

237 3034 268 3084 15
284 3020 371 3097 Quae
395 3041 467 3086 oum
488 3019 638 3086 Sidoniae
659 3024 817 3087 nocturna
837 3021 991 3107 ligamina
1011 3021 1129 3086 mitrae

327 3104 466 3170 Solverii
486 3107 582 3189 atque
603 3105 713 3171 oeulos
733 3105 870 3172 moverit
890 3105 946 3170 illa
965 3127 1099 3190 graves,

284 3188 458 3252 Adfiabuni
477 3188 537 3254 tibi
558 3210 625 3254 non
639 3189 783 3260 Arabum
804 3188 843 3255 de
864 3189 1008 3274 gramine
1030 3189 1166 3277 odoreS,

326 3269 389 3334 sed
411 3291 490 3353 quos
511 3275 579 3356 ipse
601 3274 666 3346 suis
687 3273 766 3339 feeit
785 3271 888 3338 Amor
908 3273 1065 3339 manibus.

283 3352 412 3447 Parcite¹
429 3353 508 3436 iam,
530 3356 660 3438 fratres,
681 3357 746 3422 iam
765 3362 870 3423 certos
890 3357 1027 3443 spondet
1041 3379 1171 3426 amores
1177 3411 1187 3447 ,

235 3449 271 3500 20
326 3435 371 3500 111
390 3457 455 3498 ram
475 3436 516 3498 ad
537 3440 720 3505 mandatam
741 3443 886 3506 venimus
908 3463 981 3510 eoee
1001 3441 1161 3510 domum?

284 3522 390 3604 Atque
410 3518 456 3583 ita
476 3519 521 3582 mi
543 3520 658 3586 iniecto
683 3525 830 3590 dixerunt
850 3545 958 3592 rursus
985 3526 1108 3592 amictu

422 3893 549 3984 R
