2444 4056
206 263 271 312 vm
580 246 793 304 PRAEFATIO.

208 439 257 479 eos
279 439 296 477 a
314 418 437 477 librario
459 417 579 482 demum
599 416 707 476 codicis
723 415 902 474 Veronensis
922 417 1011 491 putat
1026 417 1157 476 adiectos.

209 503 287 562 Sunt
299 507 397 561 autem
408 505 443 560 ut
456 501 553 560 obiter
561 502 617 560 hoc
629 518 764 559 moneam
774 501 983 575 inscriptiones
995 502 1070 560 istae
1081 503 1157 578 plane

207 587 282 646 tales
299 587 399 661 quales
414 603 509 660 nuper
523 586 555 643 in
566 584 660 659 praef.
673 583 747 642 Hor.
761 602 813 660 pg,
829 585 869 644 10
883 584 1036 660 descripsi,
1052 585 1107 644 hoc
1121 590 1157 642 est

209 689 244 729 ex
270 671 374 745 primis
401 671 591 745 potissimum
617 669 779 726 carminum
802 668 958 727 versiculis
982 668 1156 744 ineptissime

209 754 365 828 conflatae,
386 754 469 813 cuius
484 753 528 812 rei
542 753 677 828 exempla
691 751 793 810 116616
813 753 860 811 est
878 752 957 828 apud
977 751 1156 812 Schwabium

208 857 259 914 pg.
282 841 332 899 20.
367 837 446 897 Hinc
467 841 497 895 et
521 840 604 895 ortus
624 836 730 895 titulus
752 835 855 910 epyllii
874 837 927 911 qui
953 835 1117 896 diutissime
1135 836 1155 892 ei

210 922 344 982 adhaesit
357 921 609 996 Argonautis,
630 921 699 994 quia
718 920 804 978 initio
820 921 916 994 operis
931 920 967 978 de
982 921 1154 997 Argonautis

209 1010 273 1064 erat
294 1022 400 1064 sermo.
443 1002 505 1062 Nec
524 1004 620 1080 pluris
642 1007 700 1075 est,
727 1003 805 1078 quod
827 1004 980 1078 displicuit
1003 1005 1153 1072 nonnuliis,

208 1089 391 1147 Lachmanni
405 1089 431 1146 si
446 1088 700 1162 computationem
715 1088 862 1163 sequane,
877 1087 987 1146 mirum
1003 1107 1066 1148 essa
1085 1086 1154 1164 quod

209 1171 321 1230 Catulli
339 1172 417 1230 libor
439 1172 588 1230 tricesimo
609 1171 731 1230 ultimae
753 1171 907 1256 archetypi
933 1173 1058 1248 paginas
1077 1189 1154 1231 versu

209 1255 375 1316 conclusus.
394 1286 430 1298 -
447 1255 524 1314 Nam
539 1256 596 1314 etsi
615 1275 652 1314 ne
667 1255 722 1314 hoc
737 1255 856 1330 quidem
870 1247 925 1329 pe‘r
939 1273 969 1315 se
990 1256 1097 1315 habere
1111 1271 1154 1314 cur

207 1340 333 1398 nimium
347 1342 548 1414 stupescamus
568 1340 729 1414 agnoscent
748 1338 793 1396 illi
815 1339 867 1413 qui
886 1339 998 1398 multos
1018 1339 1154 1400 versarint

208 1424 338 1497 codices,
364 1424 471 1482 statuit
496 1424 559 1482 sine
584 1423 674 1481 dubio
697 1423 902 1482 Lachmannus
928 1424 1006 1482 sicut
1029 1425 1154 1484 similiter

208 1506 338 1582 Heysius
358 1509 392 1566 in
411 1507 469 1566 fine
489 1507 560 1565 libri
580 1508 723 1582 quaedam
744 1506 900 1566 excidisse:
928 1525 983 1567 nec
1002 1508 1090 1584 plena
1108 1522 1153 1567 nos
1196 1515 1197 1518 ’

207 1591 315 1650 hebere
330 1589 440 1650 Catulli
454 1592 585 1650 carmina
599 1595 679 1650 certo
693 1593 820 1649 constat.

271 1675 334 1734 Iam
349 1678 383 1733 ut
399 1674 555 1734 concedam
568 1705 609 1715 -
625 1674 703 1750 quod
717 1678 817 1732 tamen
832 1693 918 1752 aegre
932 1675 1008 1734 facio
1021 1707 1059 1717 —-
1069 1675 1154 1734 Boch-

206 1760 300 1820 mium
314 1760 346 1818 in
361 1763 473 1836 quaest
489 1757 663 1818 Catullianis
679 1761 709 1817 et
723 1756 941 1833 Westphalium
955 1759 988 1818 in
1002 1759 1087 1831 libro,
1104 1774 1153 1832 quo

207 1844 423 1920 interpretatus
434 1848 480 1905 est
495 1846 625 1904 carmina
638 1846 742 1918 poetae
758 1837 819 1920 [pg.
837 1844 875 1899 14
886 1838 976 1922 sqq.]‚
992 1861 1081 1902 unam
1091 1843 1154 1900 alte·

206 1947 307 1988 161616
326 1947 390 1986 rem
410 1930 547 1988 attulisse
563 1947 622 2004 qua
636 1930 756 2004 accepta
776 1927 867 1985 semel
887 1926 971 1986 bisve
991 1927 1105 1987 alienus
1124 1922 1154 1983 ab

207 2029 241 2068 co
257 2027 347 2085 quem
360 2011 570 2068 Lachmannus
589 2011 746 2084 proposuit
762 2010 918 2086 archetypi
938 2029 1078 2070 versuum
1093 2009 1154 2068 ordo

206 2095 301 2168 magis
313 2093 576 2165 commendaretur,
592 2096 735 2152 tamenin
749 2095 803 2152 tali
815 2095 1036 2168 computatione
1047 2097 1072 2153 is
1084 2094 1154 2153 solus

207 2194 294 2235 omne
314 2177 390 2234 feret
409 2180 567 2251 punctum,
590 2177 637 2235 cui
652 2181 718 2236 tota
738 2177 886 2236 constabit
906 2179 996 2256 ratio,
1018 2195 1072 2238 nco
1092 2191 1154 2236 vero
1198 2215 1199 2218 η

206 2259 346 2335 cuiquam
360 2260 496 2318 constitit
510 2263 630 2334 practer
643 2260 873 2319 Lachmannum.
941 2317 945 2326 ,

269 2343 343 2402 Eam
353 2362 416 2401 ram
425 2362 486 2403 non
497 2347 543 2402 est
555 2363 606 2403 cur
618 2344 738 2420 longius
749 2363 970 2420 persequemur,
987 2365 1055 2405 eum
1063 2345 1154 2417 Haap·

207 2430 267 2486 tius
281 2428 312 2485 in
329 2430 443 2502 quaest.
459 2426 568 2486 Getull.
583 2447 655 2504 pgg.
667 2430 790 2487 38-49
803 2429 839 2487 da
853 2428 956 2489 eadem
969 2431 1033 2488 tarn
1050 2430 1156 2490 curiosa

207 2513 328 2584 dixerit,
349 2512 425 2570 nihil
443 2514 479 2571 ut
493 2512 629 2570 videatur
642 2531 727 2587 posse
742 2512 820 2571 addi.
855 2513 1019 2588 Excerpam
1039 2513 1156 2588 paucula

206 2597 243 2654 ab
258 2613 293 2654 eo
306 2598 419 2658 notata.
448 2595 555 2672 ltaque
568 2614 655 2655 nemo
669 2597 729 2655 nisi
745 2598 796 2672 qui
811 2596 994 2656 Lachmanni
1008 2599 1156 2658 inventum

206 2679 342 2756 probarit
360 2680 472 2755 poterit
492 2681 630 2755 expedire
647 2681 698 2756 qui
718 2681 829 2739 factum
844 2681 885 2741 sit
899 2685 934 2739 ut
955 2683 1008 2752 63,
1027 2683 1066 2739 14
1081 2698 1155 2741 voca-

205 2765 311 2824 bulum
327 2769 406 2824 celer
420 2783 488 2824 cum
506 2764 690 2839 ineptissima
705 2768 736 2823 et
750 2783 852 2826 everso
867 2769 962 2824 metro
983 2766 1099 2842 legatur
1113 2762 1154 2821 ad·

207 2851 303 2910 ditum
315 2852 374 2910 iam
388 2852 458 2926 post
472 2850 626 2925 sexaginta
637 2867 739 2910 versus
754 2850 855 2908 sensui
869 2850 984 2922 pariter
995 2868 1028 2908 ac
1040 2863 1155 2908 numero

207 2938 276 3007 apte
291 2939 458 3007 succurrat,
480 2937 575 3010 utque
591 2934 646 3006 50,
664 2936 718 3006 16,
736 2935 774 2992 17
790 2934 899 2992 iterum
915 2935 1016 2992 611661
1036 2936 1107 3006 post
1121 2930 1156 2988 30

206 3036 309 3076 versus
321 3019 491 3079 interiectos
500 3022 531 3078 et
545 3022 613 3095 post
625 3019 674 3090 64,
687 3019 747 3077 386
759 3018 889 3078 insertus
904 3017 1049 3076 habeatur
1061 3019 1108 3088 67,
1120 3013 1154 3070 11

206 3104 321 3176 etpost
338 3103 385 3173 68,
401 3102 442 3160 48
458 3103 588 3162 eiusdem
602 3102 713 3178 elegias
729 3105 779 3161 16.
1018 3122 1020 3128 ’

269 3185 374 3261 Neque
389 3202 459 3244 vero
474 3203 597 3259 possum
611 3186 764 3245 Schwabio
780 3187 923 3246 adsentiri
937 3187 987 3245 vix
998 3188 1091 3246 ullam
1105 3182 1155 3241 uti·

205 3271 322 3327 litatem
342 3272 514 3328 eventuram
532 3273 612 3328 recte
633 3273 803 3345 computato
830 3271 985 3346 archetypi
1004 3265 1157 3329 Catulliani

205 3354 381 3427 paginarum
401 3371 533 3411 numero.
568 3353 645 3412 Nam
660 3356 717 3413 etsi
738 3375 808 3414 sane
823 3355 900 3413 ratio
915 3355 1052 3414 omnibus
1073 3370 1156 3412 mem·

205 3435 306 3494 branis
327 3438 374 3494 est
393 3437 506 3516 potior,
532 3437 695 3508 plurimum
715 3440 815 3496 tamen
835 3438 973 3496 intererit
993 3439 1157 3496 criticorum

206 3518 311 3577 harum
339 3518 510 3578 testimonio
536 3517 649 3577 firmari
675 3521 811 3592 quaeat
836 3519 889 3577 illa
913 3521 975 3579 sint
999 3524 1156 3598 perspecta.

993 3793 1033 3886 l,
