2444 4056
437 217 651 274 PRAEFATIO.
934 229 1025 276 xxxl

64 383 165 441 Sereni
193 377 255 460 [pg.
278 385 339 441 517
361 403 384 442 s.
406 403 434 442 v.
455 381 639 462 pepe-cert
670 385 729 444 Sed
749 385 792 445 ibi
812 405 917 447 vereor
936 386 1024 444 vehe-

66 471 178 525 menter
198 485 236 524 ne
258 467 297 525 sit
317 467 471 526 turbatum
492 489 509 526 a
529 469 673 542 librariis,
696 489 769 530 neve
786 469 896 530 Catulli
916 489 1026 530 nomeu

64 553 174 624 pariter
194 569 261 608 curn
282 569 372 609 versu
393 553 502 611 omisso
522 553 703 628 pertinuerit
722 555 822 628 potius
853 554 890 612 ad
915 554 1026 612 lemma

67 634 238 707 praecedens
259 637 408 694 miscriter.
435 635 512 693 Nam
532 637 644 712 legitur
667 637 721 708 63,
742 637 783 694 49
804 640 936 710 patriam
956 638 1025 697 allo·

66 723 127 776 ertu
140 723 279 777 maestaat
292 721 336 777 tta
349 736 413 777 ecee
427 721 576 779 misererer.

122 801 274 860 Hactenus
294 802 331 859 de
345 802 453 862 Nouio.
483 804 525 861 At
544 803 652 862 Isidori
673 808 784 879 quante
805 805 847 862 sit
867 805 973 863 levitas
993 805 1026 864 in

67 885 188 942 citandis
214 885 383 944 auctoribus
404 887 453 946 vel
472 886 526 945 hac
545 906 577 945 re
599 894 736 965 apparet,
763 888 844 963 qued
869 889 901 946 in
921 888 1025 946 eodem

68 969 139 1026 libra
160 967 281 1028 XVHH
301 987 324 1027 c.
341 971 381 1029 33
402 972 491 1028 etiarn
513 971 603 1028 aliurn
624 971 805 1031 versiculum
825 991 862 1030 ex
884 971 940 1030 hec
959 973 1025 1046 ipso
1084 965 1086 972 ’

67 1053 250 1126 epithalamio
265 1053 394 1129 petitum
410 1051 477 1130 (65)
493 1055 601 1114 tribuit
617 1053 736 1114 Cinnae.

126 1136 206 1206 Quae
221 1155 288 1195 cum
302 1137 345 1194 ita
359 1137 433 1209 sint,
450 1157 510 1197 non
524 1139 584 1196 iam
598 1157 749 1212 veremur,
770 1158 808 1198 ne
823 1139 889 1215 quis
902 1159 958 1198 nos
972 1157 1025 1198 no·

68 1220 152 1277 randi
171 1221 269 1279 studio
288 1239 424 1293 versum,
448 1221 483 1278 de
499 1241 557 1297 quc
573 1223 681 1298 agitur,
696 1224 862 1282 restituisse
878 1223 957 1282 dicut
971 1223 1026 1280 Ca

69 1304 149 1376 tullo,
170 1305 202 1362 in
216 1323 305 1380 quem
321 1307 486 1379 recepimus
505 1325 542 1364 er
557 1307 676 1365 scholiis
691 1307 804 1366 Lucani
818 1307 894 1365 illud
907 1309 1026 1374 summi,

67 1405 133 1444 nam
148 1389 225 1463 apud
239 1387 387 1446 Isidorum
402 1392 449 1447 est
462 1389 559 1448 minus
574 1394 653 1448 reete
668 1391 728 1449 alte.
755 1391 839 1448 Idem
855 1391 945 1449 hebet
959 1408 1027 1448 ecee·

68 1471 188 1544 [alpem
203 1474 234 1529 at
241 1472 399 1530 scholiasta
409 1472 480 1532 Luc.
489 1491 554 1532 cum
562 1474 681 1548 saepem.
698 1474 832 1549 Denique
847 1475 925 1548 apud
938 1473 1027 1531 illum

70 1554 135 1612 libri
159 1555 350 1627 Guelferbit.,
379 1556 549 1632 Sangerm.‚
571 1559 686 1616 Monac.
708 1561 848 1625 carceris,
877 1561 908 1615 at
934 1557 1026 1614 Nonii

70 1637 216 1698 Leidensis
242 1639 387 1698 secundus
413 1641 563 1701 carthesia.
609 1641 695 1710 Quod
723 1644 826 1700 eontra
847 1639 1025 1700 Guelferbit.

69 1721 195 1780 eiusdem
210 1723 319 1797 ubique
334 1723 618 1783 exhibetearctesia.

128 1807 165 1864 ib.
183 1807 243 1864 243
259 1805 359 1876 refecti
373 1806 451 1878 Itali,
467 1809 564 1878 inflati
577 1807 615 1863 V.

127 1891 166 1948 ib.
183 1891 244 1948 274
263 1891 476 1959 increbescunt;
501 1891 543 1948 ite
563 1893 643 1948 recte
665 1889 729 1948 cdd.
752 1888 849 1950 iudice
870 1889 1028 1964 euphonia.

73 1971 105 2030 In
120 1973 178 2032 Ciri
192 1994 221 2034 v.
239 1975 278 2032 25
294 1973 560 2032 Helmestadiensis
575 1975 652 2032 liber
667 1975 836 2034 comeret.

128 2058 167 2116 ib.
185 2058 248 2118 280
262 2075 453 2130 quosceeaque
467 2058 545 2130 Itali,
562 2059 758 2132 quodcumque
771 2055 809 2117 V.
843 2078 847 2085 ·

128 2141 167 2218 ib.
184 2143 246 2200 287
267 2143 419 2210 Minoem,
434 2144 477 2200 ita
491 2142 570 2214 libri,
587 2142 718 2202 Nauae
731 2142 889 2217 Hauptius,
906 2143 1028 2216 Miepa·

72 2227 116 2282 cia
135 2225 275 2301 Scaliger,
297 2226 377 2300 quod
397 2243 467 2284 sane
486 2227 632 2301 placeret,
655 2225 744 2284 modo
766 2227 898 2301 syllabae
913 2227 1028 2300 primae

72 2311 214 2382 quantitas
236 2327 274 2366 ne
295 2327 434 2382 respuere
460 2309 620 2369 videretur.
664 2311 773 2369 Dativo
794 2328 900 2384 graeco
928 2311 961 2367 in
980 2310 1030 2367 aira

72 2397 188 2452 exeunte
203 2393 264 2450 iam
279 2391 376 2450 Varro
391 2411 472 2452 usus.
503 2392 618 2452 Orebre's
632 2393 763 2466 Lachm,
784 2395 863 2454 deris
877 2393 914 2450 V.

129 2478 168 2536 ib.
185 2479 245 2536 296
261 2476 400 2550 Scythicis
414 2476 451 2534 N.
467 2476 619 2550 Heinsius,
634 2479 708 2536 silici
721 2478 801 2535 libri.

130 2562 167 2620 ib.
184 2562 245 2621 309
261 2578 372 2620 cretoso
387 2559 422 2617 Ε.
440 2559 601 2633 Sebulzius,
623 2566 653 2619 at
666 2577 746 2620 resec
761 2561 841 2618 libri.
872 2560 915 2618 Ut
929 2560 1029 2619 defeu-

71 2642 139 2702 dant
156 2646 316 2703 lectionem
335 2644 500 2720 vulgatam,
528 2645 640 2703 frustra
660 2646 824 2719 provocent
842 2644 880 2701 ad
901 2643 978 2703 Ciris
999 2664 1029 2703 v.

74 2729 138 2801 122,
159 2749 227 2786 eum
247 2731 350 2787 auctor
369 2728 456 2786 huius
477 2729 615 2786 carminis
636 2729 736 2803 potius
750 2746 839 2787 versu
855 2728 914 2785 511
931 2729 1030 2784 imita·

72 2815 117 2870 tus
137 2813 175 2871 sit
193 2816 331 2872 nostrum
352 2812 463 2883 lecum,
486 2813 538 2870 ubi
558 2815 605 2870 est
624 2829 790 2884 purpureae
807 2813 884 2881 flacc
902 2811 1029 2870 retinea-

70 2898 123 2954 tem
135 2900 237 2956 eerte'ee
250 2898 352 2965 etta&
373 2914 470 2970 neque
485 2895 529 2954 ibi
542 2895 619 2954 illud
632 2911 802 2970 purpureas
815 2892 978 2968 quidquam
993 2895 1031 2952 ad

71 2997 131 3038 rem
143 2984 278 3040 nostram
293 2980 373 3037 facit.

129 3065 169 3122 ib.
186 3067 248 3123 320
266 3064 344 3132 baec,
359 3063 396 3120 cf.
418 3063 447 3120 d.
468 3082 492 3120 r.
514 3083 554 3120 m.
576 3063 647 3122 386.
681 3061 826 3123 Peeteptes
848 3065 968 3134 cellere·
987 3065 1030 3121 ita

72 3148 220 3208 verissime
237 3147 359 3220 Statius,
380 3146 509 3206 videnda
523 3151 553 3206 et
566 3165 642 3221 quae
657 3146 821 3222 disputavit
834 3147 983 3223 Hauptius
998 3149 1031 3204 iu

72 3245 198 3301 prooem.
220 3233 319 3290 Berol.
340 3232 409 3290 lect.
426 3251 497 3290 sem.
513 3234 585 3290 aest.
600 3251 651 3307 pg.
670 3233 718 3290 13.
741 3233 819 3290 Male
835 3232 886 3289 alii
900 3232 1031 3290 vellentes

74 3309 152 3385 (libri
165 3317 278 3374 babent
286 3313 445 3392 pellentes),
467 3315 675 3374 alliteraticnis
696 3311 803 3392 genere
824 3335 842 3372 a
855 3315 1030 3372 cultioribus

74 3401 162 3467 poetis
177 3403 283 3459 alieno.

129 3483 171 3544 ib.
187 3486 249 3543 322
270 3490 374 3559 arpuet
393 3485 476 3558 libri,
499 3488 596 3560 arpue’t
610 3485 832 3551 Lachmannus,
854 3481 924 3536 fort.
940 3479 1030 3534 reete.
