2468 4036
188 219 210 287 8
608 222 752 280 risuum
1107 228 1179 300 [nn

296 387 432 470 Abdita,
455 409 550 471 quam
572 386 691 452 circum
713 387 845 452 flumina
864 387 959 472 nigra
980 391 1125 453 sonant:

253 470 490 556 Tisiphoneque
513 473 629 556 inpexa
650 471 735 536 feros
757 493 815 556 pro
838 473 978 537 crinibus
1000 494 1136 557 angues

204 569 239 619 πο
296 557 419 640 Saevit,
444 559 477 620 et
497 555 560 620 huc
582 555 658 620 illuc
679 555 768 639 inpia
788 557 883 621 turba
903 557 1003 640 fugit:

254 642 345 706 'lbnc
366 641 459 725 niger
480 641 516 703 in
537 643 631 723 porta
652 643 836 723 serpentum
859 639 1015 706 Cerberus
1037 661 1103 706 ore

297 725 418 790 Stridet
439 727 472 788 et
493 727 614 788 aeratas
638 724 773 789 excubat
794 727 868 789 ante
880 726 984 790 iores.

253 810 326 875 Illic
347 809 504 874 Iunonem
526 811 684 892 temptare
706 807 827 874 Ixionis
849 809 917 872 ausi

296 894 476 959 Versantur
498 893 593 957 celeri
613 893 710 958 noxia
731 894 874 958 membra
893 896 981 976 rota,

204 990 238 1042 75
252 980 485 1062 Porrectusque
506 999 622 1042 novem
645 977 756 1060 Tityos
777 1000 835 1061 per
855 979 966 1062 iugera
988 981 1101 1042 terrae

296 1063 456 1128 Adsiduas
478 1065 547 1126 atro
569 1063 689 1126 viscere
711 1063 814 1146 pascit
836 1083 917 1125 aves.

255 1147 409 1211 Tantalus
433 1145 584 1226 estillic,
608 1150 642 1210 et
663 1146 781 1211 circum
803 1149 930 1230 stagna:
953 1145 1009 1210 sed
1032 1167 1144 1210 acrem

296 1230 365 1296 Iam
387 1231 451 1294 iam
472 1231 579 1312 poturi
602 1229 720 1294 deserit
739 1231 826 1295 unda
847 1230 949 1294 sitim:

253 1315 298 1378 Et
320 1314 425 1378 Danai
446 1314 552 1398 proles
558 1362 567 1397 ,
589 1313 725 1378 Veneris
747 1315 831 1399 quod
851 1314 983 1378 numina
1003 1315 1121 1398 laesit,

204 1411 238 1462 80
295 1398 335 1462 In
357 1420 434 1462 cava
455 1396 609 1462 Lethaeas
631 1398 717 1462 dolia
737 1402 846 1484 portat
866 1419 974 1482 aquas.

178 1485 180 1489 ’
254 1483 327 1549 Illic
349 1483 406 1564 sit,
431 1483 621 1566 quicumque
642 1504 731 1547 meos
753 1483 885 1547 violavit
906 1503 1045 1566 amores,

298 1568 430 1651 Optavit
450 1569 554 1631 lentas
577 1565 710 1630 etmihi
731 1568 872 1632 militias.

254 1653 300 1716 At
320 1657 357 1716 tu
378 1654 464 1716 casta
485 1672 597 1735 precor
617 1673 764 1734 maneas,
787 1652 950 1735 sanctique
971 1651 1108 1736 pudoris

297 1736 453 1801 Adsideat
476 1738 583 1800 custos
605 1735 715 1799 sedula
736 1757 861 1818 semper
883 1757 970 1799 anus.

205 1833 239 1884 85
254 1821 344 1886 Haec
365 1821 426 1885 tibi
446 1820 580 1884 fabellas
602 1821 720 1884 referat
764 1821 908 1904 ositaque
929 1821 1059 1884 lucerna

297 1904 443 1970 Deducat
463 1906 559 1989 plena
582 1843 839 1989 staminatbnga
860 1905 951 1986 colu,

254 1991 301 2053 At
323 1991 407 2053 circa
428 1990 578 2074 gravibus
598 1989 707 2072 pensis
729 1989 825 2052 affixa
845 1989 951 2072 puella

297 2072 456 2137 Paulatim
473 2093 590 2138 somno
611 2073 697 2136 fessa
717 2074 860 2137 remittat
882 2094 972 2156 opus.

256 2156 338 2221 Tum
360 2159 486 2222 veniam
508 2157 630 2240 subite,
653 2153 714 2220 net
736 2157 903 2241 quisquam
923 2156 1051 2222 nuntiet
1072 2161 1152 2241 aute,

202 2253 238 2305 90
298 2239 361 2305 Sed
382 2242 490 2305 videar
512 2242 599 2305 caelo
621 2241 738 2306 missus
761 2242 871 2306 adesse
891 2241 960 2304 tibi.

256 2324 346 2388 Tunc
367 2323 460 2398 mihi,
488 2325 589 2407 qualis
614 2326 689 2409 eris,
719 2325 835 2410 longos
860 2326 986 2390 turbata
1008 2327 1152 2410 capillcS,

298 2408 402 2473 Obvia
422 2409 559 2490 nudato,
581 2408 690 2493 Delia,
713 2431 802 2475 curre
824 2409 913 2495 pede.

254 2490 327 2557 Hoc
348 2513 476 2576 precor,
498 2491 584 2556 hunc
607 2492 697 2557 illum
719 2495 812 2559 nobis
833 2495 960 2566 Aurora
978 2493 1132 2558 nitentem

297 2575 480 2642 Luciferum
500 2576 600 2641 roseis
624 2578 757 2642 candida
777 2581 885 2662 portet
905 2577 1003 2662 equis.

596 2710 749 2719 ψ.-

628 2793 709 2866 ΠΠ.

257 2917 331 2984 ‘Sic
352 2917 503 2983 umbrosa
523 2916 583 2981 tibi
606 2917 796 3002 contingant
815 2919 913 2999 tecta,
936 2916 1065 3000 Priape,

298 3002 348 3069 Ne
372 3003 469 3086 capiti
492 3003 591 3085 soles,
612 3023 654 3065 ne
674 3003 873 3084 noceantque
894 3001 998 3065 nives:

258 3084 345 3160 Quae
367 3090 424 3150 tua
444 3089 603 3152 formosos
627 3085 712 3170 cepit
733 3084 894 3150 sollertia?
923 3088 1006 3148 certe

299 3169 375 3233 Non
397 3170 457 3234 tibi
478 3170 576 3234 barba
597 3171 695 3252 nitet,
716 3191 783 3234 non
803 3169 864 3233 tibi
886 3168 971 3232 culta
993 3171 1123 3254 comest,

224 3252 368 3318 tNudus
391 3255 424 3316 et
443 3253 595 3318 hibernae
616 3255 765 3338 producis
786 3253 906 3337 frigora
927 3253 1069 3336 brumae,

298 3335 411 3402 Nudus
436 3339 468 3398 et
490 3338 602 3400 aestivi
623 3341 769 3423 tempora
790 3337 874 3402 sicca
896 3335 1016 3402 Canis!

256 3419 310 3488 Sic
332 3441 408 3504 ego:
431 3422 500 3484 turn
521 3419 641 3486 Bacchi
662 3422 827 3506 respondit
847 3420 966 3484 rustica
985 3421 1101 3505 proles,

225 3575 231 3584 ⁵
296 3505 451 3569 Armatus
474 3525 570 3570 curva
592 3505 638 3570 sic
659 3506 739 3570 mihi
762 3505 845 3570 falce
867 3504 953 3570 deus.
