2486 4010
196 221 238 286 98
322 309 325 316 ¹
581 215 776 274 111οΡ111111
1116 213 1174 291 [n.

261 389 307 452 At
328 385 398 468 tibi,
419 383 582 466 Mamurri,
605 383 726 445 formae
748 379 886 444 caelator
909 378 1045 460 ahenas,

304 470 412 536 Tellus
435 468 572 532 artifices
593 488 635 530 ne
656 467 740 529 teret
761 463 845 529 Osca
866 485 997 547 manus,

262 555 325 632 Qui
346 574 398 618 me
418 555 486 616 tem
508 552 626 615 dociles
647 549 783 633 potuisti
803 548 937 614 fundere
957 547 993 610 in
1014 567 1100 611 usus.

304 638 414 704 Vnum
435 657 514 720 opus
541 638 604 717 est,
634 634 722 717 operi
742 655 812 698 non
833 632 925 698 datu
946 653 1028 695 unus
1050 631 1173 696 honos.

607 763 759 776 —-—-

647 849 702 922 111

263 975 353 1040 Haec
373 973 535 1039 Arethusa
556 994 613 1038 suo
635 973 736 1036 mittit
756 971 908 1036 mandatu
921 969 1077 1054 Lycotae,

309 1059 390 1124 Cum
411 1059 531 1123 totiens
553 1057 654 1139 absis,
678 1057 706 1120 si
726 1059 819 1140 potes
842 1075 911 1118 esse
933 1076 1033 1119 meus.

266 1143 301 1210 si
323 1165 364 1207 ua
384 1146 495 1207 temen
515 1143 575 1206 tibi
597 1141 718 1206 lecturo
739 1162 815 1224 pars
838 1139 1059 1222 01111101οή1,

342 1249 397 1291 aee
419 1227 480 1290 erit
506 1247 523 1288 0
543 1226 683 1289 lacrimis
705 1227 791 1289 faeta
810 1224 908 1288 litura
927 1223 1025 1287 meis:

235 1311 336 1375 sAut
357 1310 448 1393 siqua
469 1310 591 1372 incerto
613 1309 704 1373 fallet
725 1313 757 1373 te
778 1309 887 1372 littera
907 1310 1042 1390 treetu,·¹

308 1393 409 1478 Signa
430 1414 519 1458 meae
541 1393 670 1457 dextrae
692 1393 756 1458 iem
777 1391 943 1457 morientis
965 1394 1069 1456 erunt.

266 1477 312 1543 Te
334 1477 429 1542 modo
452 1477 601 1542 viderunt
622 1478 790 1556 †iterat0s
818 1476 936 1540 Beutre
956 1497 1014 1560 per
1036 1477 1140 1559 ortus,

309 1562 354 1626 Te
376 1562 471 1627 modo
493 1562 616 1625 munito
638 1561 795 1626 Neuricus
816 1559 919 1626 hostis
943 1581 1041 1644 eque,

266 1646 465 1730 Hibernique
488 1645 603 1728 Getae,
625 1646 774 1729 pictoque
796 1644 964 1709 Britannia
987 1665 1091 1728 curru,

219 1743 252 1795 10
309 1731 408 1796 Vstus
432 1732 464 1794 et
484 1729 555 1794 1100
578 1730 707 1795 decolor
727 1729 827 1794 Indus
851 1749 942 1814 eque.

266 1815 396 1880 Haecne
418 1814 533 1878 marite
553 1813 632 1878 fides
655 1817 687 1879 et
707 1817 819 1898 pactae
841 1812 958 1897 gaudia
978 1812 1097 1895 noetis,

311 1898 391 1964 Oum
413 1898 501 1963 rudis
522 1899 650 1983 urgenti
664 1897 794 1962 brechia
814 1899 899 1962 vieta
921 1897 1015 1962 dedi?

269 1984 357 2059 Quae
378 1982 459 2047 mihi
480 1981 633 2046 deductae
655 1983 710 2046 fex
731 2003 826 2045 omen
846 1981 1008 2065 praetulit,
1029 1980 1087 2045 ille

312 2067 424 2131 Traxit
446 2066 485 2132 ab
508 2088 617 2132 everso
640 2065 761 2130 lumine
781 2066 876 2150 nigra
897 2086 996 2150 roge,
1040 2129 1041 2132 ,

221 2151 312 2214 15111
334 2150 447 2236 Stygio
470 2172 540 2215 sum
561 2172 671 2234 sparsa
691 2151 778 2233 lecu,
799 2171 860 2214 neo
881 2152 968 2214 reeta
990 2149 1117 2232 capillis

312 2234 405 2298 Vitta
427 2234 547 2299 datast:
569 2235 664 2318 nupsi
684 2256 753 2298 non
774 2234 945 2298 eomitante
968 2231 1038 2298 deu.

269 2315 426 2382 Omnibus
448 2316 511 2381 heu
532 2319 634 2401 portis
656 2319 798 2402 pendent
818 2340 890 2382 mea
910 2318 1009 2382 noxia
1027 2320 1118 2382 vote:

311 2399 444 2465 Texitrr
464 2399 543 2464 haee
565 2403 677 2466 eastris
700 2405 812 2486 quarta
832 2403 960 2466 lacerna
979 2401 1054 2466 tuis.

270 2484 418 2568 Occidet,
440 2484 589 2550 inmerite
610 2487 664 2569 qui
687 2488 805 2571 carpsit
825 2487 865 2550 eb
887 2487 1000 2551 arbore
1022 2485 1143 2550 vallum

220 2581 255 2634 20
311 2570 357 2635 Et
378 2570 495 2634 struxit
515 2571 662 2654 querulas
683 2592 779 2636 rauca
799 2592 857 2654 per
879 2592 952 2635 osse
972 2569 1076 2653 tubes,

270 2653 410 2736 Dignior
432 2654 560 2738 obliquo
582 2655 693 2720 funem
715 2656 770 2740 qui
791 2658 939 2739 torqueat
960 2653 1065 2737 00110,

313 2740 535 2822 Aeternusque
556 2743 645 2804 tuem
666 2742 793 2824 pascet,
817 2739 928 2822 aselle,
951 2738 1077 2802 famem.

270 2819 332 2888 Dic
354 2823 449 2906 mihi,
472 2845 550 2886 num
571 2826 699 2888 teneros
721 2825 785 2888 urit
806 2825 905 2888 lorice
927 2822 1087 2889 lacertos?

313 2907 401 2973 Num
422 2907 528 2992 gravis
550 2908 685 2972 inbelles
707 2908 817 2972 atterit
836 2907 930 2970 hesta
950 2907 1087 2970 manus?

220 3002 255 3054 25
270 2989 360 3056 Haec
381 2995 520 3057 noceant
540 2993 664 3076 potius,
693 3014 787 3077 quam
809 2991 958 3056 dentibus
980 2991 1047 3054 ulla
1067 2991 1175 3074 puelle

313 3075 378 3141 Det
399 3077 479 3141 mihi
501 3077 672 3161 plorandas
693 3099 751 3160 per
771 3079 827 3140 tus
848 3075 931 3140 eolla
951 3077 1053 3138 notas.

272 3159 396 3224 Diceris
419 3165 451 3226 et
471 3163 573 3226 macie
592 3161 715 3226 voltum
736 3164 899 3226 tenuasse:
922 3158 978 3224 sed
1001 3162 1089 3243 opto,

314 3243 342 3308 11
365 3245 521 3310 desiderio
544 3246 587 3310 sit
608 3246 695 3310 color
709 3246 770 3310 iste
792 3265 874 3310 mee.

272 3327 318 3392 At
339 3327 418 3390 mihi
441 3349 513 3392 cum
534 3333 645 3394 noctes
667 3329 793 3396 induxit
813 3349 927 3413 vesper
948 3347 1088 3406 amaras,

222 3423 257 3474 ³0
315 3409 411 3493 Siqua
432 3411 544 3475 relicte
565 3414 685 3499 iacent,
709 3413 836 3479 osculor
857 3435 945 3478 arms
965 3415 1030 3476 tua.

272 3494 355 3560 Tum
377 3513 492 3577 queror
513 3495 548 3558 in
569 3499 638 3562 1010
660 3519 728 3564 non
750 3498 851 3564 sidere
872 3497 970 3582 pallia
992 3497 1087 3578 10010,
