2486 4010
82 179 185 252 mu]
474 182 582 238 urnas
603 184 666 241 nn.
1012 177 1053 244 81

84 341 149 406 Lex
170 343 183 408 i
210 345 273 410 'tur
295 344 453 428 Spartana
474 347 561 411 vetat
583 345 729 410 secedere
751 349 910 436 amantes,

123 427 171 492 Et
207 429 269 494 ‘cet
289 430 325 494 in
345 430 450 494 triviis
473 428 617 494 adlatus
640 451 708 494 esse
731 451 821 514 suae,

85 510 115 577 N
117 533 152 578 ec
173 514 273 578 timor
295 516 351 579 aut
371 513 471 578 ullast
491 514 616 578 clausae
637 514 741 578 tutela
761 515 885 598 puellae

123 595 195 662 Nec
217 598 325 683 gravis
351 599 470 664 austeri
490 620 595 682 poena
617 598 758 663 cavenda
779 599 847 663 viri.

86 679 181 746 Nullo
204 682 383 768 praemisso
405 683 444 748 de
466 684 561 747 rebus
584 685 652 747 tute
674 683 815 767 loquaris
1019 694 1053 747 25

123 765 199 850 Ipse
220 766 302 832 tuis:
324 767 441 852 longae
461 767 552 832 nulls
571 767 700 851 repulsa
720 788 837 834 morae.

85 847 157 915 Non
179 851 297 936 Tyriae
318 853 422 917 vestes
445 852 583 916 errantia
603 851 725 917 lumina
745 852 877 934 fallunt,

122 934 186 1000 nst
206 957 312 1019 neque
334 935 484 1002 odoratae
506 959 582 1001 cura
601 939 738 1001 molesta
759 958 879 1001 comae.

87 1018 131 1083 At
150 1023 265 1086 nostra
287 1021 413 1106 ingenti
434 1021 522 1086 vadit
543 1021 738 1086 circumdata
759 1023 867 1104 turba,

123 1103 195 1170 Nec
216 1105 355 1190 digitum
377 1109 545 1190 angustast
565 1105 736 1171 inseruisse
757 1106 825 1189 via,
1017 1118 1053 1168 30

88 1185 152 1254 Nec
172 1210 255 1273 quae
277 1189 343 1254 sint
358 1189 460 1276 ¹facies
475 1212 535 1254 uec
550 1211 630 1275 quae
645 1191 711 1255 sint
725 1190 822 1256 verba
835 1189 987 1276 rogandi,

125 1271 290 1338 Invenias:
314 1295 441 1340 caecum
463 1279 568 1340 versat
590 1279 713 1340 amator
734 1276 805 1340 iter.

89 1355 176 1432 Quod
198 1358 228 1422 ei
249 1359 320 1422 iura
340 1359 426 1424 fores
447 1359 636 1444 pugnasque
658 1361 784 1424 imitata
805 1359 981 1443 Laconum,

128 1440 240 1508 Carior
260 1441 322 1510 hoc
343 1465 429 1510 esses
452 1447 488 1508 tu
510 1443 604 1527 mihi,
626 1443 742 1526 Roma,
764 1443 862 1508 bono.

448 1591 691 1758 run—[nvp

95 1779 141 1845 Sic
161 1803 220 1867 ego
241 1803 310 1846 non
331 1781 414 1847 ullos
437 1781 502 1846 iam
523 1781 629 1846 norim
651 1781 685 1844 in
707 1799 814 1843 amore
836 1778 1008 1862 tumultus,

23 1931 24 1934 ,
130 1865 196 1932 Nec
217 1867 325 1932 veniat
347 1867 416 1931 aine
438 1868 471 1930 tc
491 1886 558 1930 nox
579 1863 744 1950 vigilanda
765 1863 860 1926 mihi:

94 1947 134 2014 Vt
152 1949 229 2015 milri
251 1953 434 2035 praetextae
454 1949 558 2034 pudor
580 1953 630 2014 cst
650 1948 774 2012 velatus
797 1948 930 2030 amictu,

129 2033 172 2099 Et
193 2035 267 2099 data
287 2035 420 2099 libertas
440 2054 574 2099 noscere
596 2033 712 2097 amoris
734 2033 810 2115 iter,

93 2116 148 2182 llla
167 2119 260 2184 rudes
283 2120 407 2192 animos
428 2141 485 2203 per
506 2121 615 2182 noctes
638 2117 767 2182 conscia
788 2116 907 2200 primas
1033 2126 1051 2180 o

131 2203 248 2268 Imbuit
268 2203 332 2268 heu
352 2203 449 2268 nullis
472 2205 565 2286 capta
585 2200 731 2285 Lycinna
754 2201 846 2266 datis.

94 2285 210 2352 Tertius
231 2287 317 2352 haud
338 2288 440 2353 multo
461 2287 568 2352 minus
591 2289 640 2352 est
662 2307 734 2351 cum
757 2285 883 2352 ducitur
905 2306 1023 2350 annus:

130 2371 190 2437 Vix
211 2372 343 2437 memini
363 2372 458 2436 nobis
480 2371 577 2436 verba
601 2371 702 2436 coisse
724 2371 844 2437 decem.

95 2455 208 2522 Cuncta
228 2459 302 2521 tuus
325 2457 471 2541 sepelivit
492 2477 596 2540 amor,
618 2479 678 2521 nec
699 2457 820 2520 femina
840 2456 969 2539 postte

130 2540 202 2606 Vlla
223 2541 310 2606 (ledit
336 2541 418 2606 collo
441 2540 546 2606 dulcia
567 2541 674 2604 vincla
694 2561 776 2604 meo.
1018 2547 1053 2598 lo

95 2624 191 2690 'lestis
213 2625 273 2690 erit
293 2623 390 2690 Dirce
410 2628 477 2688 tam
498 2645 573 2687 vero
597 2624 729 2686 crimine
752 2643 861 2704 saeva,

132 2709 271 2793 Nycteos
292 2710 459 2793 Antiopen
480 2707 663 2772 accubuisse
685 2705 782 2790 Lyco.

96 2796 122 2858 A
142 2795 285 2878 quotiens
307 2793 458 2879 pulchros
479 2792 561 2856 ussit
582 2791 695 2876 regina
717 2789 866 2874 capillos

133 2878 301 2962 Molliaque
322 2879 489 2942 inmittens
510 2876 581 2941 fixit
601 2876 638 2940 in
659 2875 862 2940 cremanus!

97 2964 124 3026 A
162 2963 285 3027 nollens
307 2963 459 3027 famulam
480 2960 589 3044 pensis
612 2960 756 3024 oneravit
777 2957 910 3041 iniquia,
1019 2967 1052 3020 15

134 2985 175 3112 lli
195 3070 231 3112 ca
254 3048 346 3112 utin
368 3046 446 3110 dura
467 3067 586 3129 ponere
608 3044 703 3109 iussit
722 3042 835 3106 humo!

99 3129 151 3196 Sae
172 3153 188 3196 e
207 3070 298 3196 illam
319 3130 480 3196 inmundis
502 3131 628 3214 passast
648 3127 793 3191 habitare
815 3125 972 3211 tenebris,

162 3216 235 3280 ilem
255 3216 379 3281 ieiunae
402 3237 496 3299 saepe
518 3213 649 3298 negavit
670 3233 792 3295 aquam.

99 3298 243 3447 luppiter,
267 3301 429 3385 Antiopae
449 3321 605 3383 nusquam
628 3296 785 3362 succurris
806 3296 940 3363 habenti

162 3388 192 3448 ot
211 3385 317 3449 mala?
346 3385 520 3469 corrumpit
542 3383 620 3448 dura
643 3385 754 3448 catena
775 3405 900 3447 manus.
1017 3391 1053 3442 20

102 3466 132 3532 Si
150 3468 219 3534 deus
242 3491 292 3554 es,
314 3469 375 3534 tibi
396 3473 488 3554 turpe
510 3472 599 3534 tuam
621 3469 737 3534 servire
759 3468 910 3553 puellam.

95 3584 98 3590 ·
145 3569 288 3612 suanias.
883 3571 900 3616 e
