2486 4010
77 211 217 287 nnn]
500 211 608 268 rmus
628 211 676 267 111.

128 374 180 440 Et
199 394 266 439 non
287 373 393 440 inflati
414 374 538 439 somnia
560 373 756 440 Callimachi.

79 459 179 526 Nam
200 480 310 524 cursus
332 459 408 524 licet
428 459 537 524 Aetoli
557 458 677 524 referas
698 458 851 542 Acheloi,

131 543 277 608 Fluxerit
296 546 334 609 ut
354 563 475 626 magno
495 545 601 608 tactus
623 563 731 608 amore
753 543 870 628 liquor,

81 629 119 692 A
160 650 198 696 ue
222 627 321 692 etiam
340 630 379 692 ut
398 625 540 712 Phrygio
562 628 661 692 fallax
681 627 867 692 Maeandria
888 647 999 712 campo
1021 641 1054 690 35

212 715 228 778 t
249 715 283 776 et
303 713 313 776 i
338 734 374 776 sa
394 733 467 776 suas
490 712 609 798 decipit
628 711 715 776 unda
735 711 818 797 vias,

84 795 200 872 Qualis
223 799 256 861 et
276 735 336 861 Ad

133 880 246 946 Distis
269 881 311 945 ad
331 879 521 946 Archemori
541 880 655 947 funera
676 881 778 947 victor
800 902 912 965 equos:

83 963 166 1030 Non
186 965 315 1050 prosint
335 963 396 1030 tibi
416 966 590 1051 quadrigae
609 965 679 1030 fata
700 967 763 1031 Am
786 965 913 1030 hiareae

132 1051 200 1114 Ant
221 1048 364 1135 Capanei
385 1071 504 1136 magno
525 1053 618 1136 grata
638 1050 731 1115 ruina
770 1051 831 1116 ovi.
1020 1063 1054 1112 40

85 1131 209 1199 Desine
231 1138 264 1199 et
284 1133 464 1218 Aeschyleo
487 1155 668 1220 conponere
689 1135 787 1200 verba
809 1133 981 1217 cothurno,

130 1217 267 1304 Desine,
291 1219 384 1284 etad
405 1218 518 1284 molles
539 1220 683 1285 membra
703 1221 826 1286 resolve
848 1219 972 1286 choros.

86 1301 200 1388 Incipe
222 1303 288 1368 iam
310 1307 445 1389 angusto
468 1325 577 1369 versus
599 1305 749 1371 incudere
769 1309 878 1390 torno,

128 1385 233 1472 Inque
254 1391 326 1453 tuos
347 1389 455 1473 ignee,
478 1387 555 1454 dure
576 1394 687 1474 poeta,
709 1391 791 1456 ueni.

84 1469 136 1536 Tu
157 1493 226 1537 non
247 1472 457 1557 Antimacho,
479 1495 546 1538 non
566 1475 666 1538 tutior
686 1474 749 1538 ibis
770 1473 926 1539 Homero:
1020 1486 1053 1536 45

127 1555 276 1642 Despicit
298 1559 330 1622 et
350 1578 486 1642 magnos
507 1561 594 1622 recta
615 1556 723 1642 puella
744 1557 829 1622 deos.

85 1641 211 1706 Harum
232 1642 323 1706 nulla
345 1643 428 1706 solet
445 1643 605 1709 rationem
628 1663 778 1726 quaerere
799 1641 926 1724 mundi,
1020 1653 1052 1702 51

126 1725 199 1794 Nec
222 1747 277 1792 cur
298 1727 448 1790 fraternis
469 1725 561 1790 Ituna
582 1725 706 1791 laboret
727 1725 848 1811 equis,'

85 1809 157 1876 Nec
179 1811 207 1875 si
227 1814 304 1894 post
325 1809 453 1896 Stygias
475 1810 595 1895 aliquid
615 1811 806 1876 restabimus
826 1810 944 1892 undas,

127 1894 162 1961 N
163 1917 199 1960 eo
220 1896 249 1958 si
270 1897 417 1960 consulto
437 1895 575 1960 fulmina
596 1895 695 1960 missa
715 1898 839 1960 tonent.
1019 1906 1053 1953 54

87 1979 150 2044 Sed
171 2000 240 2044 non
261 1983 335 2044 ante
355 1981 448 2066 gravi
466 1983 579 2045 taurus
601 1979 780 2046 succumbit
800 1982 922 2061 aratro,
1019 1990 1051 2038 47

130 2062 259 2130 Cornua
281 2087 376 2148 quam
396 2064 510 2129 validis
532 2065 671 2130 haeserit
691 2065 726 2128 in
746 2063 883 2148 laqueis,

85 2147 156 2215 Neo
176 2153 213 2212 tu
233 2151 301 2212 tam
322 2148 419 2214 duros
441 2152 551 2233 perte
571 2149 701 2234 patieris
722 2170 863 2214 amores:

128 2231 216 2296 Trux
236 2236 345 2298 tamen
367 2234 501 2298 anobis
522 2235 596 2298 ante
618 2233 795 2298 domandus
817 2234 888 2299 eris.
1018 2243 1051 2292 50

87 2319 206 2400 Aspice
227 2339 291 2401 me,
316 2319 367 2382 cui
388 2339 485 2402 parva
507 2317 594 2382 domi
615 2319 745 2384 fortuna
765 2319 922 2402 relictast,
1018 2329 1050 2376 55

128 2401 245 2468 Nullus
268 2406 300 2466 et
321 2403 453 2486 antiqno
476 2402 581 2468 Marte
602 2403 782 2489 triumphus
804 2406 871 2485 avi,

87 2484 133 2550 Vt
152 2507 285 2571 regnem
305 2487 421 2552 mixtas
444 2487 527 2552 inter
549 2490 683 2553 conviva
703 2489 825 2574 puellas

129 2569 199 2634 Hoc
223 2591 300 2657 ego,
324 2593 387 2655 quo
408 2571 469 2636 tibi
489 2594 576 2636 nunc
598 2574 718 2655 elevor,
742 2572 882 2656 ingenio.

87 2653 140 2718 Me
161 2655 250 2719 iuvet
269 2655 428 2720 hesternis
449 2657 591 2740 positum
611 2656 763 2739 languere
786 2655 928 2737 corollis,

130 2739 231 2814 Quem
252 2741 360 2824 tetigit
381 2741 466 2805 iactu
488 2741 591 2804 certus
614 2739 654 2804 ad
676 2760 749 2803 ossa
770 2737 862 2820 dens,

85 2824 182 2887 Actia
203 2822 383 2909 Vergilium
405 2823 545 2889 custodis
567 2825 677 2889 littora
698 2823 835 2904 Phoebi,

130 2906 274 2972 Caesaris
296 2912 330 2972 et
349 2909 448 2973 fortes
471 2909 574 2973 dicere
596 2930 690 2993 posse
711 2911 810 2988 rates,

87 2992 150 3067 Qui
169 3013 256 3057 nuno
278 2993 405 3057 Aeneae
427 2992 559 3056 'lhoiani
581 2993 714 3056 suscitat
736 3011 823 3056 arma

129 3075 215 3140 lacta
237 3099 277 3141 ne
299 3076 427 3142 Lavinis
449 3076 576 3141 moenia
597 3076 768 3142 littoribus.

89 3159 197 3224 Oedite
217 3098 357 3225 bomani
379 3163 565 3246 scriptores,
589 3161 690 3226 cedite
713 3159 804 3224 Grai:

11 3243 12 3270 ยน
130 3244 323 3329 Nescioquid
345 3248 447 3312 maius
472 3246 615 3310 nascitur
635 3244 745 3310 Iliade.

11 3359 12 3366 ฮบ
87 3327 135 3392 'lu
156 3330 243 3393 canis
265 3331 407 3394 umbrosi
430 3330 539 3394 subter
560 3332 669 3416 pineta
692 3328 818 3396 Galaesi

11 3427 12 3472 l
129 3411 267 3496 Thyrsin
289 3418 321 3478 et
343 3415 460 3478 attritis
475 3413 629 3500 Daphnin
649 3415 896 3498 harundinibus,

91 3495 192 3580 thue
215 3499 324 3564 decem
345 3499 472 3584 possint
494 3520 695 3586 eorrumpere
717 3501 802 3566 mala
821 3499 959 3584 puellas,

328 796 408 860 'rasti
428 797 526 861 fuerit
550 797 669 862 vocalis
691 796 809 880 Arion,
