2486 4010
206 197 248 262 62
523 199 717 256 eaoeaa‘rn
739 200 846 254 uisas
867 201 916 256 111.
1039 198 1187 272 [axam]

221 377 255 426 to
311 363 429 430 Missus
452 367 485 430 et
505 362 658 447 inpressis
683 361 804 428 haedus
826 361 866 426 ab
887 362 1047 428 uberibus.

270 447 377 532 Felix,
400 450 456 533 qui
477 449 556 512 viles
577 447 683 532 pomis
707 447 859 512 mercaris
882 449 1019 511 amores!

312 531 397 598 Huic
420 532 496 598 licet
517 534 662 617 ingratae
684 531 813 614 Tityrus
835 531 904 614 ipse
928 534 1036 595 canat:

270 615 363 682 Felix
384 618 541 682 intactum
563 615 714 699 Corydon
738 616 792 698 qui
814 617 950 712 temptat
971 615 1091 680 Alexin

313 701 485 787 Agricolae
508 700 629 766 domini
651 721 779 784 carpere
802 699 947 763 delio1asl

222 797 256 847 '15
272 785 423 861 Quamvis
445 786 499 850 ille
521 805 579 850 sua
599 785 703 849 lassus
727 783 906 867 requiescat
926 805 1041 867 avena,

314 869 477 935 Laudatur
497 869 610 934 faciles
635 868 720 932 inter
740 867 989 952 Hamadryadas.

272 953 321 1018 lu
343 955 431 1018 canis
452 953 585 1018 Ascraei
605 951 722 1018 ueteris
744 955 914 1036 praecepta
937 955 1068 1036 poetae,

315 1037 385 1113 Quo
408 1059 499 1124 seges
520 1038 555 1104 in
577 1059 647 1102 cam
671 1058 706 1120 o,
729 1058 792 1121 quo
814 1035 897 1101 viret
917 1059 980 1100 uva
1001 1037 1089 1121 iugo.

272 1121 350 1186 Tale
372 1123 451 1187 facis
474 1143 616 1204 carmen,
643 1060 737 1186 locta
757 1121 917 1186 testudine
939 1121 1033 1206 quale

222 1217 257 1268 80
313 1205 470 1289 Cynthius
491 1207 639 1290 inpositis
660 1209 819 1290 temperat
839 1205 990 1270 articulis.

271 1287 348 1356 Non
368 1292 478 1355 tamen
498 1283 578 1354 haec
598 1289 659 1354 ulli
679 1291 810 1355 venient
833 1291 960 1376 ingrata
980 1287 1119 1374 legenti,

317 1372 390 1438 Sive
411 1374 446 1438 in
468 1394 576 1439 amore
596 1373 686 1438 rudis
708 1375 775 1438 sive
796 1375 917 1458 peritus
940 1373 1009 1438 erit.

271 1457 342 1525 Nec
355 1458 462 1524 minor
474 1458 526 1524 his
541 1458 655 1524 animis
672 1463 741 1542 aut,
756 1461 812 1541 ’ssi
825 1459 945 1541 minor,
968 1479 1024 1523 ore
1039 1479 1176 1524 canorus

315 1543 448 1608 Anseris
470 1543 600 1608 indocto
622 1544 760 1608 carmine
783 1543 879 1608 cessit
900 1543 979 1607 olor.

223 1640 256 1690 85
270 1625 361 1692 Haec
383 1649 508 1713 quoque
529 1628 672 1712 perfecto
694 1626 825 1692 ludebat
845 1627 960 1693 Iasone
982 1625 1103 1712 Varro,

316 1711 419 1776 Varro
442 1711 618 1778 Leucadiae
640 1712 777 1776 maxima
796 1712 925 1776 flamma
946 1733 1032 1776 suae.
1083 1770 1088 1774 .
1238 1787 1239 1796 ἵ

272 1795 362 1860 Haec
384 1818 508 1881 quoque
530 1796 641 1860 lascivi
663 1797 833 1862 cantarunt
858 1797 978 1881 scripta
999 1795 1133 1879 Catulli,
1238 1809 1239 1836 ¹

314 1881 431 1946 Lesbia
452 1882 522 1965 quis
545 1881 615 1964 ipsa
638 1882 747 1946 notior
768 1884 817 1944 est
837 1881 971 1946 Helena

273 1963 364 2031 Haec
386 1966 483 2030 etiam
505 1965 591 2030 docti
613 1965 792 2031 confessast
812 1965 932 2050 pagina
954 1963 1061 2047 Calvi,

224 2061 259 2111 90
316 2047 398 2114 Cum
420 2053 548 2114 caueret
568 2050 702 2116 miserae
726 2051 839 2114 funera
861 2049 1045 2125 Quintiliae.

272 2131 317 2196 nt
337 2133 433 2198 modo
454 2135 596 2200 formosa
618 2156 712 2218 quam
736 2135 837 2202 multa
857 2133 1012 2218 Lycoride
1035 2132 1149 2199 Gallus

315 2216 462 2282 Mortuus
485 2220 611 2284 inferna
636 2221 767 2284 vulnera
788 2217 868 2282 lavit
888 2239 908 2282 a
929 2219 984 2282 ua!

273 2298 414 2382 Cynthia
435 2303 513 2384 quin
536 2305 630 2367 etiam
652 2326 746 2368 versu
767 2303 895 2368 laudata
942 2303 1078 2388 roperti,

314 2383 384 2450 Hos
405 2384 490 2449 inter
511 2387 539 2450 si
560 2408 612 2450 me
632 2409 752 2472 ponere
774 2387 874 2452 Fama
894 2388 990 2451 volet.
