2486 4010
197 221 259 287 106
578 221 773 280 raonnsru
1107 225 1171 298 [vr.
1221 226 1229 323 ζ

261 387 355 454 Solve
376 389 465 452 metu
485 385 633 470 patriam,
655 406 735 468 quse
756 407 843 450 nune
864 389 897 450 te
911 385 1036 452 nudius
1057 386 1151 453 freta

302 471 450 556 Inposuit
492 491 583 534 rotae
604 469 732 554 publiea
755 472 827 534 vota
848 473 931 534 tuae.

260 555 363 632 Quam
383 555 448 620 nisi
470 493 634 636 iefendes,
656 575 819 618 murorum
839 553 998 620 Romulus
1018 577 1125 639 augur

302 637 354 704 Ire
375 637 538 704 Palatinas
559 660 627 703 non
647 637 729 702 bene
750 637 830 704 vidit
851 659 935 703 aves.

210 735 245 788 45
258 722 313 790 En
333 724 468 788 nimium
488 723 584 786 remis
606 721 725 788 audent
745 742 859 806 prope:
880 725 974 806 turpe
995 723 1124 789 Latinis

302 807 451 892 Principe
472 809 506 871 te
526 806 641 871 fluetus
662 807 752 890 regia
773 807 843 870 vels
863 807 941 889 pati.

260 890 332 959 Nee
352 895 400 974 te,
424 890 508 975 quod
530 890 641 956 elassis
664 889 806 955 centenis
828 891 963 975 remiget
984 891 1053 975 slis,

304 975 449 1040 Terreat:
472 975 573 1040 invito
594 975 712 1038 labitur
732 975 790 1038 ills
811 976 906 1039 mari:

263 1059 417 1142 Quodque
433 1059 553 1124 vehunt
567 1080 680 1144 prorae
696 1056 886 1124 Centaurica
901 1080 977 1123 saxa
991 1059 1170 1145 minantes,

212 1154 247 1206 ⁶0
304 1143 408 1227 Tigna
429 1165 506 1209 cava
527 1146 560 1208 et
580 1143 684 1226 pictos
708 1143 868 1227 experiere
889 1146 1002 1209 metus.

260 1226 397 1310 Frangit
418 1230 450 1290 et
471 1227 591 1291 attollit
610 1228 694 1292 vires
715 1227 751 1292 in
770 1227 873 1291 milite
895 1249 1003 1312 oausa;

304 1309 391 1385 Quae
412 1310 476 1373 nisi
498 1311 582 1374 iusta
603 1311 722 1393 subest,
744 1310 866 1376 exoutit
886 1333 975 1376 arma
995 1312 1109 1396 pudor.

261 1393 399 1477 Tempus
412 1393 510 1477 adest,
525 1394 680 1459 oonmitte
690 1398 790 1460 rates:
807 1417 866 1480 ego
881 1397 1036 1480 temporis
1051 1401 1166 1462 auctor

304 1477 428 1542 Ducam
448 1479 608 1564 laurigera
627 1478 712 1543 Iulia
732 1482 835 1544 rostra
855 1489 972 1546 manu?

212 1575 246 1626 ab
260 1561 408 1647 Dixerat,
432 1566 465 1628 et
484 1563 651 1648 pharetrae
672 1562 797 1648 pondus
818 1564 978 1628 consumit
998 1565 1035 1628 in
1055 1587 1165 1632 areum

304 1647 456 1712 Proxima
475 1650 551 1731 post
572 1669 663 1713 araus
686 1646 829 1712 Caesaris
851 1648 944 1712 hasta
963 1649 1035 1713 fuit.

263 1729 374 1796 Vincit
394 1731 498 1796 Roma
518 1733 580 1796 fide
601 1731 738 1796 Phoebiz
766 1732 822 1797 dat
842 1732 961 1796 femina
982 1755 1122 1818 poenas:
1239 1693 1240 1738 i

304 1815 437 1899 Sceptra
457 1838 515 1900 per
534 1815 644 1880 Ionias
665 1817 767 1882 frasta
787 1815 947 1882 vehuntur
968 1839 1077 1901 aquas.

263 1900 310 1964 At
354 1902 420 1964 ater
441 1899 543 1966 idalio
565 1901 699 1964 miratur
719 1899 837 1966 Caesar
858 1901 898 1966 ab
920 1904 1023 1966 astro:

214 1996 248 2046 ao
306 1987 315 2017 ³
342 2006 396 2048 um
417 1985 510 2068 deus3
533 2006 574 2049 en
594 1985 698 2052 nostri
720 1985 887 2070 sanguinis
909 1986 970 2050 ista
992 1985 1097 2051 fides?

262 2067 470 2152 Prosequitur
491 2072 587 2134 cantu
607 2069 735 2152 Triton,
763 2091 936 2153 omnesque
956 2071 1102 2136 marinae

304 2150 496 2216 Plauserunt
518 2154 601 2218 eirea
622 2154 723 2218 libera
744 2154 838 2238 signa
859 2154 946 2220 deae.

261 2232 324 2298 Illa
344 2237 426 2317 petit
447 2236 559 2302 Nilum
581 2239 694 2321 eymba
714 2239 797 2303 male
818 2239 894 2302 nixa
915 2239 1033 2324 fugaci,

304 2316 376 2381 Hoo
397 2341 506 2403 unum,
528 2322 615 2386 iusso
636 2344 704 2387 non
718 2323 873 2388 moritura
894 2322 954 2388 die.

213 2415 246 2466 ao
261 2399 304 2467 Di
325 2401 452 2467 meliust
482 2408 620 2486 quantus
647 2407 761 2471 mulier
781 2407 865 2471 foret
885 2429 949 2470 una
970 2408 1163 2494 triumphus,

304 2485 427 2552 Ductus
450 2489 518 2552 erat
538 2508 596 2570 per
617 2510 695 2572 quas
718 2493 791 2556 anto
812 2491 968 2575 Iugurtha
988 2493 1066 2556 vias.

262 2572 377 2636 Aetius
399 2570 476 2637 hine
496 2573 595 2638 traxit
615 2572 764 2640 Phoebus
792 2576 1006 2661 monimenta,
1034 2576 1123 2659 quod
1237 2611 1238 2616 κ

807 2682 874 2724 erus

304 2740 378 2806 Vna
400 2740 509 2807 desem
530 2743 608 2808 visit
628 2743 727 2808 missa
749 2745 866 2840 sagitta
887 2746 981 2809 rates.

262 2823 354 2890 Bella
368 2826 452 2890 satis
475 2827 592 2892 oeoini:
616 2827 769 2892 eitharam
790 2851 855 2892 1am
875 2829 980 2913 posoit
999 2829 1122 2911 Apollo

213 2922 247 2974 ‘10
303 2909 416 2975 Viotor
438 2913 471 2974 et
492 2911 532 2976 ad
553 2911 695 2995 placidos
717 2912 804 2976 exuit
825 2934 914 2977 arma
936 2913 1061 2976 ehoros.

262 2992 408 3060 Candida
428 3016 514 3060 nuno
535 2996 626 3059 molli
648 2997 783 3061 subeant
805 2997 951 3061 convivia
972 2997 1046 3060 lueo

303 3078 559 3163 Blanditiasque3
581 3083 683 3145 fiuant
702 3101 760 3162 per
780 3103 851 3144 mea
872 3082 955 3144 eolla
975 3101 1077 3164 rosae,

260 3160 409 3246 Vinaque
430 3165 605 3228 fundantur
625 3165 743 3250 praelis
765 3165 844 3230 elisa
865 3165 1020 3248 Falernis,
1067 3201 1077 3220 ·

304 3245 427 3328 Terque
449 3249 534 3313 lavet
554 3252 681 3313 nostras
704 3271 718 3312 s
742 3249 792 3312 ioa
814 3248 930 3316 Cilissa
953 3271 1071 3314 eomas.

212 3327 299 3392 '15111
322 3330 430 3394 ,onium
451 3333 536 3413 potis
559 3333 669 3398 inritet
725 3355 782 3396 usa
802 3334 922 3418 poetis:

333 3411 439 3493 asche,
461 3414 544 3478 soles
559 3414 690 3481 Phoebo
712 3418 828 3483 fertilis
851 3440 919 3483 esse
941 3421 1007 3481 tuo.

259 3492 320 3558 1110
340 3494 511 3578 paludosos
533 3505 688 3564 memoret
709 3503 826 3568 servire
848 3501 1055 3587 Sycambros,
