2444 4056
426 251 640 310 PRAEFATIO.
918 267 1007 314 XLIII

45 439 84 492 re,
99 419 181 494 qnod
194 418 227 478 in
237 417 372 479 versibus
385 419 445 478 183
456 418 547 476 habes
559 423 620 476 tres
631 418 870 496 spondiazontas3
886 424 1006 482 omnino

46 523 90 562 ars
104 503 195 562 metri
209 521 264 578 par
278 502 314 576 ei,
330 520 405 576 quae
419 502 451 561 in
465 502 656 577 epithalamio
670 503 761 562 Pelei.

105 587 245 661 Denique
264 585 391 660 Priapoa
410 587 442 644 et
457 585 608 646 catalecta
628 589 810 663 argumentis
825 590 898 665 ipsis
913 591 1005 650 simil·

46 671 114 728 lima
129 669 353 746 epigrammatis
369 668 480 728 catulli
493 687 554 729 non
575 670 715 744 estquod
729 671 839 746 dicam3
860 691 914 732 nec
933 693 1005 734 vero

47 759 140 812 metra
165 753 262 812 aliena
290 753 350 812 nisi
376 753 455 827 quod
480 753 590 827 epodos
614 753 705 813 habes
730 754 762 814 in
788 754 1006 816 (lutulentorum

47 858 69 896 c.
84 839 113 910 5,
135 837 323 913 quiquidem
344 837 416 910 quin
430 835 549 896 Horatii
569 837 735 898 imitatione
750 841 943 914 provenerint
956 842 1006 901 uir

47 922 180 980 dubium.

107 1005 249 1064 Ceterum
264 1006 355 1063 etiam
368 1005 465 1080 magis
479 1023 568 1080 quam
583 1006 725 1064 materiae
743 1025 776 1064 ac
790 1026 894 1068 uersus
908 1008 1005 1067 imita-

45 1091 158 1148 tionem
177 1088 376 1162 Euphorionis
397 1090 551 1147 cantorum
571 1091 720 1148 testantur
738 1090 892 1152 dictiones.
928 1091 1006 1152 Nam

47 1172 122 1232 Ciris
142 1173 194 1230 vix
212 1172 294 1230 alind
312 1191 402 1246 quam
422 1174 509 1231 cento
530 1191 566 1230 ex
586 1170 704 1232 Catullo
726 1172 918 1250 Vergilioque
937 1194 1005 1236 con·

46 1257 142 1316 flatus.
173 1255 251 1326 Quid
265 1259 364 1314 autem
380 1255 475 1314 dicam
489 1256 526 1314 de
540 1255 673 1332 Priapeia
688 1260 719 1315 et
734 1256 914 1318 Catalectis‘?
929 1279 1004 1336 quac

47 1343 190 1414 quantum
214 1339 360 1398 traxerint
385 1340 421 1398 ab
446 1340 514 1413 illo,
534 1341 584 1400 vel
605 1340 794 1400 mediocriter
814 1342 919 1401 harum
938 1345 1004 1403 lite·

48 1443 146 1482 rurum
173 1422 308 1482 eruditus
333 1423 435 1482 statim
459 1422 619 1499 intelliget.
660 1423 845 1499 Quamquam
870 1429 1005 1501 exempla

48 1507 221 1566 imitationis
237 1505 421 1566 Catullianae
434 1507 467 1566 in
481 1507 577 1566 tribus
592 1526 667 1582 quae
682 1508 743 1566 dixi
758 1511 898 1583 operibus
912 1513 1004 1570 etiam

48 1592 131 1664 plura
144 1592 308 1666 potnerunt
321 1591 428 1662 notari,
443 1609 533 1665 quam
548 1589 729 1666 adscripsere
745 1590 832 1650 docti.

107 1675 171 1732 Neo
196 1674 276 1747 dest,
298 1692 315 1732 e
341 1673 433 1733 Calvo
458 1675 538 1749 quod
562 1674 699 1734 videatur
725 1675 862 1751 ductum;
893 1679 948 1736 etsi
973 1679 1005 1736 in

48 1761 129 1816 tanta
159 1757 353 1832 reliquiarum
384 1757 471 1818 huius
501 1759 648 1833 paucitate
676 1759 754 1831 qnod
792 1777 885 1817 unum
917 1761 1005 1819 modo

50 1843 109 1901 eiius
122 1841 170 1900 rei
183 1844 298 1900 curtum
313 1843 394 1900 extat
408 1842 577 1916 exemplum
591 1840 663 1914 quid
678 1840 811 1898 mirum?
840 1841 876 1899 Id
890 1845 1004 1902 notavi-

49 1944 110 1984 mus
131 1925 170 1982 ud
188 1925 278 2001 frgm.
294 1925 357 1985 cius
372 1926 401 1984 3.
431 1924 480 1983 Ita
500 1926 531 1982 ct
545 1922 657 1983 Cinnae
672 1926 703 1982 et
716 1924 898 1999 reliquorum
914 1926 1005 1984 studii

50 2009 178 2068 eiusdem
193 2009 374 2068 consortium
393 2008 480 2067 facile
496 2007 781 2084 deprehenderemus
795 2007 1004 2083 imitationem,

50 2094 103 2150 nisi
122 2093 244 2151 illorum
265 2092 487 2151 intercidissent
499 2092 580 2152 libri.
610 2091 710 2151 Habes
724 2094 825 2151 tamen
840 2093 916 2150 iliud
930 2096 1005 2154 aaz·

50 2181 109 2233 tum
125 2178 259 2251 amiota,
280 2175 360 2250 quod
378 2176 490 2251 legitur
509 2176 542 2234 in
557 2174 668 2235 Cinnae
682 2176 741 2251 frg.
758 2177 776 2234 3
798 2178 959 2251 repetitum
973 2180 1006 2237 in

51 2258 124 2318 Ciris
138 2280 167 2319 u.
182 2261 233 2318 46.

111 2343 167 2402 Sed
186 2343 258 2402 haec
277 2344 428 2403 hactenus.
473 2344 631 2414 Quaeritur
651 2345 725 2416 ium,
751 2346 873 2420 quinum
893 2345 1007 2403 fuerint

50 2429 180 2486 auctores
205 2427 336 2503 syllogus
361 2427 452 2486 illius.
486 2427 561 2486 Eam
581 2427 729 2498 Donatus,
756 2431 791 2484 ut
815 2428 889 2486 alios
913 2430 1005 2487 testes

50 2512 191 2584 omittam,
207 2511 315 2570 tribuit
328 2509 473 2586 Vergilio.
502 2508 538 2568 Id
551 2510 765 2583 testimonium,
782 2510 861 2584 quod
876 2513 1005 2570 statuere

50 2594 179 2672 plerique
200 2594 336 2654 Suetonii
354 2595 412 2652 niti
430 2593 615 2667 auctoritate,
642 2593 716 2652 mihi
741 2594 861 2668 quidem
886 2593 1016 2653 videtur-

49 2679 111 2736 veri
130 2677 371 2738 dissimillimum.
400 2677 504 2752 Neque
524 2677 603 2736 enim
623 2678 687 2736 ullo
707 2677 796 2735 modo
818 2676 955 2751 adducor,
971 2681 1007 2736 ut

50 2761 163 2820 credam
182 2762 301 2822 criticos
320 2761 409 2836 primi
423 2781 452 2836 p.
469 2759 521 2818 Ch.
537 2779 566 2818 n.
588 2761 697 2820 saeculi
712 2760 784 2818 adeo
800 2761 959 2819 caecutiese
973 2762 1006 2818 in

51 2848 150 2918 aperta
171 2846 248 2918 luce,
273 2848 308 2903 ut
332 2847 428 2904 totam
453 2845 528 2904 hunc
552 2845 771 2916 collectionem,
798 2861 872 2918 quae
898 2844 1007 2902 clamat

50 2946 138 3000 paene
158 2929 343 2989 diversorum
364 2947 395 2988 se
417 2947 480 2988 esse
501 2928 654 2985 auctorum
673 2927 726 2984 uni
746 2925 915 2984 tribuerent
936 2928 1005 2986 sori-

50 3014 126 3086 ptori
150 3014 236 3088 eique
255 3010 399 3088 Vergilio.
442 3011 579 3070 Concedo
599 3011 635 3068 de
657 3009 770 3082 Colice,
794 3009 924 3070 carmine
945 3028 1006 3070 non

50 3095 212 3170 invenusto,
233 3114 413 3171 quamquam
428 3095 465 3153 ob
480 3093 617 3152 metricas
632 3093 761 3152 rationes
776 3113 794 3150 a
807 3093 929 3153 Marone
944 3113 1004 3154 cer-

50 3178 160 3238 tissime
176 3180 291 3253 ulieno‚
313 3181 404 3240 etiam
424 3178 461 3237 de
475 3177 570 3250 Diris,
592 3176 764 3251 Moretoque
785 3180 816 3236 et
831 3177 924 3253 capa,
949 3181 1005 3240 etsi

50 3261 135 3322 Diras
155 3265 278 3323 ulterius
299 3283 363 3322 esse
384 3261 511 3322 auctoris
532 3263 611 3320 recte
633 3261 692 3318 iam
708 3263 896 3320 consentiunt
916 3261 1004 3320 docti.

50 3343 83 3402 ln
96 3347 211 3406 Moreto
232 3350 311 3406 certe
331 3347 386 3406 hoc
406 3345 585 3419 notandum,
607 3345 687 3420 quod
706 3345 817 3420 legitur
830 3365 859 3403 v.
876 3347 915 3404 96
930 3345 1006 3402 illud

50 3430 134 3488 obicit
154 3433 290 3508 correpta
309 3429 420 3506 prima,
446 3430 529 3488 cuius
549 3429 636 3487 ulitur
650 3447 721 3487 usus
744 3429 822 3503 apud
843 3427 1004 3502 dactylicos

49 3514 144 3585 primu
163 3516 297 3590 exempla
313 3515 348 3574 in
370 3513 470 3573 Ouidii
489 3513 538 3573 vel
557 3513 657 3572 verius
677 3512 792 3570 Manilii
812 3511 898 3568 libris
922 3511 1003 3567 inve-

761 3619 802 3670 d*
