2476 4018
59 235 100 310 1.]
120 240 126 244 ·
449 239 558 294 amaa
579 239 627 296 nr.
982 237 1024 302 41

61 401 178 466 Durius
201 401 236 465 in
256 401 351 466 terris
373 400 456 465 nihil
478 405 527 466 est
548 403 634 487 quod
654 402 741 468 vivet
762 409 904 489 amante,

100 486 188 569 Nec,
209 485 306 550 modo
329 486 357 550 si
379 487 499 571 sapias,
544 487 608 552 uod
627 487 734 552 minus
756 511 825 554 esse
845 491 936 555 velis.
993 503 1027 552 10

64 571 164 646 Quem
184 570 281 635 modo
303 571 430 635 felicem
451 570 518 634 invi
543 572 576 636 ’a
592 571 767 636 admirante
789 573 950 658 ferebant,

21 667 22 672 ’
102 655 199 720 Nunc
220 654 343 719 decimo
366 654 517 720 admittor
538 655 592 720 vix
614 677 674 740 ego
696 677 822 741 quoque
844 657 903 721 die.

21 761 23 786 ³
64 739 157 804 Nunc
178 739 280 804 iacere
302 761 320 804 e
342 738 420 804 duro
444 761 559 823 corpus
581 739 683 823 iuvat,
704 741 808 824 inpia,
831 762 923 824 11110,

106 823 235 888 Sumere
257 823 346 887 etin
368 825 493 888 nostras
515 824 592 888 trita
612 845 737 889 venena
757 846 886 888 manus:

66 907 132 972 Nec
152 908 229 972 licet
248 907 285 972 in
305 907 408 972 triviis
431 909 516 972 sicca
537 907 734 993 requiescere
756 911 832 974 luna
993 923 1027 973 15

106 993 173 1056 Aut
191 1013 250 1077 per
270 991 405 1056 rimosas
426 992 553 1058 mittere
574 993 672 1057 verba
692 993 786 1058 fores.

71 1075 156 1152 Quod
178 1077 321 1160 quamvis
342 1077 388 1140 ita
410 1077 466 1160 ait,
489 1076 652 1142 dominam
673 1081 796 1142 mutare
818 1077 952 1142 cavebo:

108 1159 186 1225 Tum
206 1161 311 1245 flebit,
335 1181 407 1226 cum
428 1160 463 1226 in
484 1182 536 1226 me
558 1163 694 1227 senserit
715 1184 784 1227 esse
805 1162 910 1228 fidem.

433 1310 652 1487 affin.

77 1517 223 1584 Adsiduae
244 1517 355 1582 multia
377 1517 485 1582 odium
506 1537 656 1601 peperere
679 1516 839 1599 querelae:

111 1601 277 1688 Frangitur
297 1603 333 1666 in
353 1602 452 1667 tacito
473 1601 594 1665 femina
614 1621 708 1684 saepe
729 1601 808 1665 viro,

78 1683 174 1772 Siquid
195 1687 320 1770 vidisti,
344 1707 469 1770 semper
489 1685 607 1750 vidisse
627 1686 761 1769 negato:

111 1774 172 1836 Aut
192 1771 298 1856 siquid
320 1770 422 1834 doluit
444 1770 542 1853 forte,
564 1768 671 1834 dolere
691 1789 784 1853 nega.

21 1921 22 1928 χ
78 1853 148 1929 Quid
167 1879 239 1921 mea
260 1855 287 1920 si
309 1855 396 1920 canis
418 1857 505 1919 aetas
527 1853 731 1918 candesceret
752 1851 858 1934 annis,
1008 1866 1027 1914 5

110 1939 151 2004 Et
169 1941 289 2005 faceret
310 1939 425 2004 scissas
446 1937 599 2024 languida
619 1959 700 2022 ruga
720 1936 842 2022 genas?

21 2079 23 2090 .
77 2022 114 2087 At
131 2046 196 2089 non
218 2024 350 2088 Tithoni
372 2044 526 2107 spernens
547 2024 674 2086 Aurora
694 2024 856 2086 senectam

21 2105 22 2132 ¹
111 2107 275 2174 Desertum
296 2108 367 2173 an
386 2129 482 2256 passa
502 2107 605 2172 iacere
627 2105 767 2170 domost:

78 2189 161 2256 illum
182 2215 276 2277 saepe
299 2193 364 2257 suis
408 2190 541 2256 ecedens
562 2190 644 2254 fovit
664 2191 699 2254 in
719 2189 821 2274 ulnis,

21 2319 22 2322 =
111 2277 207 2352 Quam
228 2278 317 2362 prius
339 2277 505 2342 adiunctos
527 2275 636 2340 sedula
656 2274 736 2339 lavit
757 2295 869 2360 equos:
993 2287 1026 2338 10

76 2357 158 2426 Illum
180 2363 219 2426 ad
240 2363 362 2426 vicinos
385 2382 457 2424 cum
479 2361 625 2444 amplexa
646 2361 821 2446 quiesceret
841 2359 954 2442 Indae,

110 2445 247 2512 Maturos
269 2447 418 2511 iterumst
438 2449 550 2530 questa
570 2444 673 2510 redire
698 2445 774 2510 dies.

77 2525 127 2593 Illa
146 2531 221 2596 deos
244 2553 371 2595 currum
394 2529 610 2595 conscendens
633 2529 714 2593 dixit
734 2530 875 2610 iniquos,

110 2613 246 2680 Invitum
268 2618 300 2678 et
320 2615 414 2678 terris
436 2615 597 2698 praestitit
618 2612 772 2694 officium3

77 2693 127 2762 cai
145 2701 266 2765 maiora
288 2699 373 2764 senis
394 2697 527 2763 Tithoni
548 2695 664 2780 gaudia
685 2695 763 2777 vivi,
993 2705 1026 2756 15

21 2819 23 2852 x
114 2782 211 2859 Quam
232 2783 340 2869 gravis
362 2783 479 2846 amisso
501 2781 672 2844 Memnone
694 2779 797 2842 luctus
821 2779 896 2842 erat.

76 2862 145 2932 Cum
166 2891 243 2935 sene
263 2889 331 2932 non
351 2867 467 2951 puduit
486 2866 584 2930 talem
607 2864 743 2929 dormire
766 2862 906 2947 puellam

21 3013 22 3020 ,
108 2951 149 3016 st
168 2974 266 3018 canae
287 2953 406 3017 totiens
429 2950 538 3016 oscula
559 2950 641 3014 ferre
663 2969 781 3014 comae.

21 3043 23 3106 ᾗ
73 3033 111 3098 At
129 3040 164 3101 tu
185 3038 283 3102 etiam
305 3036 452 3101 iuvenem
474 3033 571 3099 odisti
592 3055 657 3116 me,
679 3031 814 3117 perfida,
838 3051 910 3095 cum
932 3031 976 3096 sis

21 3131 22 3204 j
109 3118 179 3204 lpse
200 3143 281 3186 anus
302 3120 387 3185 haud
409 3121 508 3205 longa
529 3139 624 3182 curva
644 3118 751 3181 futura
772 3115 832 3180 die.
991 3130 1026 3180 20

75 3199 150 3276 Quin
171 3226 231 3292 ego
254 3205 403 3270 deminuo
426 3226 549 3286 curam,
572 3202 657 3286 quod
679 3221 772 3286 saepe
795 3198 918 3285 Cupido

110 3286 190 3357 Huic
212 3291 314 3356 malus
338 3311 407 3356 esse
428 3289 525 3371 solet,
549 3288 599 3352 cui
620 3286 723 3353 bonus
745 3287 819 3351 ante
840 3287 911 3352 suit.
