2444 4056
440 173 652 239 PRAEFATIO.
920 187 1021 236 xxvn

113 343 160 400 ib.
178 343 197 400 9
213 347 302 410 tuom,
319 339 435 416 Oybebe,
450 341 665 414 Lachmannns
681 344 781 402 tubam
797 341 911 420 cycnos
925 344 1005 403 libri.

115 427 161 483 ib.
181 427 220 484 16
239 427 376 485 rabidum
389 426 545 484 verissime
559 425 720 502 Borgkius3
745 446 816 486 nam
828 430 863 487 ut
877 428 936 486 alia
951 430 1019 488 mit-

40 518 117 568 tam
138 508 238 568 simile
259 509 392 584 oportuit
412 509 480 568 addi
501 509 654 584 epitheton
673 510 922 586 adsalucnatque
937 513 1020 571 adid

43 593 137 669 qnod
152 593 289 668 sequitur
297 594 408 667 pelope.
438 593 544 668 Pelope
558 593 719 667 Victorius,
729 597 828 669 pelopi
842 596 906 654 cdd.

117 677 162 735 ib.
179 677 219 735 31
235 679 368 736 animm
382 695 471 752 opens
484 677 701 750 Lachmannus,
717 680 820 738 aalma
832 695 904 753 pens
918 677 955 738 V.

118 761 162 819 ib.
177 760 219 817 42
234 764 355 820 meam
368 761 584 836 Lachmannus,
600 765 724 822 excitem
738 762 817 820 libri.

119 845 163 904 ib.
178 844 219 904 45
234 847 300 918 ipsa
314 845 392 917 Itali,
408 847 469 918 ipsc
483 844 519 903 V.

118 929 162 986 ib.
178 928 227 986 51.
248 928 318 987 Non
337 928 413 987 bene
434 927 533 1005 siquid
554 931 650 990 sentio
666 949 733 988 cum
748 929 935 990 Froeblicbio
950 932 1020 990 eori-

46 1016 118 1088 psit
133 1011 305 1072 Schwabius
319 1015 444 1082 miserm
463 1031 533 1072 nam
552 1014 617 1089 ipse
631 1014 713 1072 Attis
728 1016 778 1072 vel
796 1017 866 1090 post
880 1015 1020 1074 amissam

48 1097 247 1169 virilitatem,
269 1114 322 1154 our
342 1096 483 1156 feminam
503 1097 552 1154 bio
572 1117 602 1156 se
623 1097 743 1170 diceret,
758 1116 819 1158 non
833 1101 907 1158 erat.
936 1099 1020 1158 Infra

48 1203 80 1240 v.
101 1181 142 1240 69
159 1180 226 1255 ‘ego
241 1179 371 1252 Maenas,
388 1197 443 1256 ego
457 1181 518 1238 mei
531 1199 610 1255 pars,
626 1199 675 1257 epo
690 1183 736 1240 eir
749 1183 854 1242 steriles
868 1183 948 1242 cro?

119 1265 161 1322 ib.
178 1265 217 1322 63
238 1280 287 1338 epo
301 1265 396 1337 pober
411 1263 553 1341 Scaliger,
574 1268 608 1323 ut
621 1267 694 1341 puto
709 1269 805 1342 recte3
825 1284 895 1324 nam
914 1268 1019 1326 mulie-

50 1369 120 1406 rem
140 1352 207 1406 tum
227 1347 348 1407 demum
368 1346 463 1406 dicere
487 1367 551 1407 seso
570 1349 680 1408 licebat
692 1349 790 1423 Attin,
812 1367 879 1408 cum
893 1349 1019 1410 virilita-

50 1442 117 1490 tem
138 1431 318 1507 perdidisset
339 1426 378 1510 [v.
392 1433 441 1490 68.
459 1427 528 1510 69];
551 1433 641 1490 etiam
663 1434 700 1491 ob
723 1435 855 1492 rationes
869 1436 1018 1492 metricas.

3 1551 5 1554 -
118 1517 160 1574 ib.
177 1517 217 1575 64
237 1533 286 1591 epo
306 1515 472 1591 melosi·
495 1513 524 1571 V
540 1507 712 1594 pymeon(
739 1514 808 1576 Vid.
835 1536 909 1592 quae
930 1537 1020 1593 snpra

53 1601 185 1659 diximus
200 1600 237 1657 de
252 1619 281 1659 v.
298 1602 347 1658 60.

118 1685 160 1742 ib.
177 1685 216 1743 68
233 1701 282 1758 epo
295 1700 376 1744 mccc
389 1685 474 1744 ἀειωη
487 1687 624 1746 ministra
639 1691 664 1743 ct
672 1684 786 1758 operies
800 1685 914 1756 famulo
928 1685 1017 1754 ferar.

53 1769 141 1826 Nihil
159 1768 324 1844 suspectius
344 1769 472 1827 lectione
492 1767 617 1840 tradita3
639 1787 766 1841 quorum
788 1769 881 1838 enim,
903 1768 1017 1838 amabo,

53 1854 181 1910 deorum
195 1851 332 1910 ministra
347 1855 411 1910 erat
425 1851 520 1910 factus
537 1849 641 1910 Attis?
656 1851 706 1907 An
720 1850 775 1906 ulli
790 1852 909 1923 praeter
924 1848 1018 1924 Cybe-

53 1939 103 1994 len
119 1937 265 1996 castratos
281 1935 489 1994 desiderabant
503 1933 693 1993 sacerdotes?
710 1931 851 1992 Ceterum
865 1933 897 1990 id
912 1933 1019 1992 vitium

52 2021 141 2078 facile
155 2019 255 2095 potnit
268 2021 345 2092 tolli,
366 2021 423 2078 etsi
444 2021 565 2078 auctum
579 2021 625 2078 est
638 2018 824 2077 insecutam.
854 2017 931 2076 Nam
947 2019 1017 2077 scri-

53 2107 151 2178 psisse
171 2104 309 2162 existimo
330 2101 497 2164 Catullum:

118 2206 174 2264 ego
189 2205 268 2246 nunc
282 2187 380 2247 Rheae
393 2188 531 2246 ministra
545 2190 576 2245 et
591 2187 717 2263 Cybeles
732 2187 844 2245 famula
859 2186 961 2244 ferar?

53 2271 100 2330 Ita
121 2291 212 2346 supra
230 2272 369 2331 rabidam
388 2272 484 2331 oobm
502 2273 608 2330 tulistis
628 2273 845 2344 truculentaque
864 2272 967 2344 pelope
986 2273 1018 2327 at

52 2373 144 2429 porro
157 2358 262 2428 patrio
276 2373 293 2414 o
306 2357 508 2427 macoma
518 2359 620 2428 patric
635 2373 651 2414 o
665 2373 730 2414 mcc
741 2355 878 2430 penctrin
907 2354 948 2411 Et
962 2355 1017 2410 mi-

53 2459 122 2496 rum
137 2443 218 2498 certe
232 2439 320 2511 foret,
336 2440 361 2497 si
375 2440 407 2497 in
417 2438 472 2497 hoc
487 2440 625 2512 carmine,
642 2440 693 2497 ubi
707 2440 797 2496 toties
811 2437 944 2496 variatur
959 2436 1016 2510 Cy-

55 2523 137 2582 beles
166 2523 345 2598 appellatio,
374 2541 412 2583 ne
442 2524 535 2581 semel
562 2522 683 2600 quidem
712 2524 880 2580 occurreret
906 2539 1017 2578 nomen

47 2607 189 2664 omnium
215 2625 309 2680 paene
334 2607 572 2666 usitatissimum.
623 2607 719 2664 Immo
746 2608 798 2663 ant
826 2605 1017 2664 vehementer

52 2689 143 2749 fallor
158 2694 211 2748 ant
224 2691 305 2748 idem
320 2689 538 2749 restituendum
554 2690 761 2750 concinnitatis
775 2707 848 2764 ergo
862 2707 891 2748 v.
908 2689 949 2746 20

3 2853 4 2860 ἵ
115 2774 277 2850 phrygiam
292 2774 330 2831 ad
345 2774 466 2833 domum
482 2772 627 2850 Cybebes,
642 2773 770 2850 phrygia
784 2773 822 2830 ad
834 2787 957 2830 nemora

703 2857 815 2924 Rbece;

3 3003 5 3018 ,
50 2947 82 2998 a
104 2943 124 3002 3
146 2943 338 3002 sanandum
353 2944 489 3004 sesamo
503 2943 617 3013 neeo-
637 2943 688 2998 uer
710 2941 800 2997 ecam
814 2938 926 3014 legitur
939 2939 1017 3009 aeae,

3 3027 6 3068 ⁵
53 3026 143 3086 nimis
163 3021 300 3102 ἀκύρωε.
330 3027 393 3086 Nec
412 3031 459 3086 est
479 3046 531 3084 cur
550 3043 687 3084 moneam
702 3042 790 3097 quam
805 3022 917 3081 fuerint
931 3043 1017 3099 saepe

52 3113 224 3170 constantes
243 3112 360 3168 librarii
381 3112 413 3170 in
435 3111 606 3170 nominibus
626 3107 754 3184 propriis
775 3107 813 3166 ad
838 3109 1018 3184 appellativa

3 3193 5 3202 ’
52 3192 161 3252 similis
175 3195 242 3254 soni
256 3195 456 3254 deflectendis.

115 3279 158 3336 ib.
172 3280 212 3337 78
227 3281 316 3354 aede
330 3278 396 3337 add.
409 3279 455 3338 ed.
468 3278 640 3354 cantabrig.
654 3297 679 3336 a.
694 3278 785 3350 1702,
800 3277 1017 3348 bethmannus,

3 3427 6 3504 J*
53 3362 225 3520 napaei&
243 3448 293 3521 79,
311 3447 350 3508 82
370 3447 419 3520 foc
437 3448 518 3522 libri,
538 3466 566 3507 v.
582 3447 661 3519 foce;
682 3445 732 3505 sed
752 3445 789 3503 cf.
805 3446 833 3503 d.
850 3464 873 3501 r.
888 3463 928 3500 m.
945 3442 1016 3498 343.

778 3555 813 3604 0*
