2468 4036
57 259 128 332 vu]
468 255 577 310 nana
596 253 634 314 n.
991 247 1035 318 35

60 423 116 488 Tu
139 420 291 486 miserum
311 421 457 503 torques,
478 419 515 482 tu
536 441 587 482 me
609 418 690 482 mihi
711 419 779 484 dira
799 421 923 506 precari

109 505 207 590 Cogis
230 507 263 570 et
283 505 397 568 insana
418 506 525 567 mente
547 502 687 567 nefanda
706 504 804 587 loqui.

60 592 138 657 Iam
158 589 243 654 mala
264 589 407 653 finissem
428 588 509 670 leto,
533 587 590 651 sed
611 587 738 652 credula
759 588 858 653 vitam

110 673 192 758 Spes
214 673 303 738 fovet
324 676 357 736 et
377 673 447 736 fore
470 693 539 736 cras
561 693 687 756 semper
708 673 753 736 ait
774 673 899 738 melius.
999 671 1038 753 ad

63 759 149 844 Spes
173 758 231 822 alit
251 756 425 843 agricolas,
449 755 528 841 Spes
551 757 647 822 sulcis
670 756 770 820 credit
792 757 888 821 aratis

111 843 257 925 Semina,
279 863 359 925 quae
380 862 498 924 magno
519 840 630 905 fenore
651 839 764 905 reddat
785 862 875 925 ager:

63 928 158 992 Haec
176 927 290 1010 laqueo
301 926 456 1007 volucres,
466 923 546 989 haec
561 928 669 1008 captat
686 925 841 990 arundine
857 925 972 1010 pisces,

112 1011 194 1078 Oum
216 1014 327 1075 tenues
348 1009 461 1073 hamos
484 1009 607 1073 abdidit
632 1013 706 1074 ante
728 1010 832 1074 cibus:

66 1097 149 1182 Spes
174 1095 270 1160 etiam
292 1093 397 1158 valida
419 1093 541 1158 solatur
561 1095 713 1177 compede
734 1095 878 1158 vinctum
1001 1105 1039 1165 an

113 1179 230 1264 (Crura
252 1178 490 1262 sensatione,
513 1177 568 1242 sed
591 1179 678 1242 canit
698 1179 783 1242 inter
803 1180 915 1264 opus):

67 1265 150 1350 Spes
164 1263 292 1328 facilem
303 1263 467 1328 Nemesim
482 1261 618 1347 spondet
631 1262 726 1346 mihi,
743 1263 800 1327 sed
809 1265 908 1350 negat
918 1264 983 1329 illa.

111 1349 153 1412 ni
175 1348 269 1430 mihi,
292 1369 333 1411 ne
354 1347 480 1430 vincas,
502 1347 581 1411 dura
602 1347 723 1431 puella,
747 1347 847 1412 deam.

67 1434 187 1514 Parce,
209 1454 266 1516 per
287 1431 446 1495 inmatura
465 1433 540 1495 tuae
561 1453 675 1515 precor
696 1453 769 1495 ossa
790 1433 923 1496 sororis:

113 1517 167 1582 Sic
188 1517 270 1581 bene
293 1515 351 1579 sub
372 1519 484 1580 tenera
504 1537 603 1598 parva
624 1516 767 1599 quiescat
787 1515 894 1580 humo,
1001 1527 1038 1578 uo

68 1602 132 1666 Illa
153 1601 233 1664 mihi
256 1602 412 1684 sanctast,
434 1599 521 1663 illius
543 1599 627 1663 dona
648 1601 793 1683 sepulcro

111 1685 158 1750 Et
178 1684 356 1748 madefacta
377 1684 456 1748 meis
479 1686 564 1747 serta
584 1683 686 1747 feram
708 1684 862 1766 lacrimis,

68 1769 163 1835 Illius
185 1769 225 1834 ad
246 1769 404 1833 tumulum
426 1767 549 1853 fugiam
571 1769 767 1851 supplexque
789 1767 905 1832 sedebo

112 1853 158 1919 Et
177 1875 249 1918 mea
271 1875 342 1917 cum
363 1855 453 1916 muto
474 1852 542 1916 fata
563 1874 677 1936 querar
698 1853 812 1916 cinere.

69 1939 148 2005 Non
169 1939 252 2002 feret
271 1959 371 2021 usque
394 1958 486 2000 suum
507 1939 540 2000 te
561 1940 694 2021 propter
712 1936 787 2001 flere
811 1937 975 2002 clientem:
1002 1947 1038 2002 86

113 2022 205 2087 Illius
227 2025 264 2085 nt
284 2021 406 2103 verbis,
428 2021 471 2084 sis
493 2020 573 2084 mihi
595 2020 697 2104 lenta,
719 2025 807 2104 vem,

69 2107 122 2174 Ne
143 2106 204 2170 tibi
225 2106 365 2190 neglecti
385 2105 517 2169 mittant
538 2105 623 2169 mala
645 2106 770 2170 'somnia
790 2105 918 2191 Manes,

112 2191 300 2274 Maestaque
324 2189 446 2273 sopitae
468 2193 532 2254 stet
552 2211 643 2254 soror
665 2193 739 2254 ante
760 2194 883 2274 torum,

73 2275 183 2351 Qualis
207 2275 247 2339 ab
269 2275 394 2338 excelsa
415 2296 566 2359 praeceps
589 2275 719 2359 delapsa
739 2275 880 2339 fenestra

113 2359 215 2425 Venit
236 2359 277 2423 ad
297 2359 442 2423 infernos
465 2359 711 2443 sanguinolenta
731 2360 829 2425 lacus.
1005 2371 1040 2420 40

73 2443 211 2526 Desino,
233 2465 274 2507 ne
297 2443 444 2507 dominae
466 2443 571 2508 luctus
592 2447 785 2509 renoventur
807 2444 927 2510 acerbi:

114 2527 192 2592 Non
214 2549 274 2612 ego
298 2549 368 2592 sum
389 2528 488 2610 tanti,
511 2528 617 2611 ploret
637 2533 673 2592 ut
693 2529 750 2593 illa
772 2530 879 2593 semel.

73 2611 142 2678 Nec
164 2612 305 2676 lacrimis
328 2613 437 2676 oculos
460 2612 590 2696 dignast
611 2613 739 2677 foedare
761 2612 925 2695 loquacesz

114 2696 206 2760 Lena
225 2699 322 2760 nocet
342 2696 451 2779 nobis,
473 2697 544 2780 ipsa
564 2697 671 2780 puella
692 2697 818 2760 bonast.

74 2779 162 2845 Lena
182 2783 277 2846 necat
297 2781 449 2844 miserum
470 2780 599 2864 Phryne
619 2781 792 2864 furtimque
813 2781 948 2844 tabellas
1004 2789 1041 2841 45

116 2865 252 2930 Occulto
273 2869 406 2950 portans
428 2865 516 2947 itque
537 2865 680 2948 reditque
703 2865 789 2928 sinu:

76 2947 193 3034 Saepe,
215 2969 276 3034 ego
299 2971 372 3015 cum
394 2948 542 3021 dominae
564 2949 671 3013 dulces
693 2971 713 3012 a
734 2949 843 3012 limine
866 2948 944 3011 duro

116 3035 270 3118 Agnosco
291 3055 400 3118 voces,
422 3033 564 3097 haecne
589 3036 622 3097 at
643 3054 712 3098 esse
734 3033 836 3097 domi:

77 3115 193 3202 Saepe,
208 3118 264 3183 ubi
277 3140 343 3183 nox
356 3119 515 3202 promissa
528 3118 571 3181 m'
596 3117 654 3201 ist,
670 3118 821 3203 languere
836 3117 976 3202 puellam

116 3202 255 3284 Nuntiat
277 3206 333 3269 aut
354 3203 476 3287 aliquas
499 3203 681 3267 extimuisse
703 3203 816 3267 minas.
1004 3209 1041 3265 50

78 3283 166 3352 limo
180 3287 303 3352 morior
317 3288 415 3371 curis,
436 3291 514 3352 tunc
531 3309 621 3352 mens
636 3286 716 3352 mihi
729 3287 854 3371 perdita
867 3287 977 3374 fingit,

7 3423 8 3428 1
118 3371 237 3447 Quisve
257 3395 362 3438 meam
383 3375 506 3457 teneat,
529 3375 607 3456 quot
627 3375 773 3438 teneatue
795 3373 913 3437 modis:

78 3451 166 3520 Timo
187 3457 262 3540 tibi,
284 3457 374 3539 lena,
396 3478 509 3542 precor
531 3457 629 3522 diras:
653 3459 729 3522 satis
752 3459 847 3522 anxia
868 3456 975 3534 vivas,

7 3623 8 3626 Ἴ
117 3539 257 3608 Moverit
278 3563 296 3607 e
317 3542 401 3606 votis
423 3563 497 3626 pars
519 3545 753 3626 quotacumque
776 3542 863 3604 deos.

7 3645 8 3656 ,
855 3637 890 3691 3.
