2444 4056
444 217 662 313 Persarum.
967 266 1034 316 xm

66 426 137 483 erat
150 421 271 482 vitands
285 422 479 497 inaequalitas
495 427 529 482 ut
544 425 593 496 22,
610 427 645 498 73
661 426 711 498 39,
727 425 763 500 43
783 425 834 498 45,
852 426 886 499 1;
909 425 965 498 23,
982 427 1032 497 99,

68 510 99 580 2,
115 508 285 582 permoveri
304 525 365 566 non
380 508 542 582 potuimus,
562 508 776 567 inconstantiae
790 510 891 584 potius
906 507 1034 568 subituri

67 593 185 650 crimen
197 608 286 666 quam
300 591 491 650 morositatis.
513 591 706 666 Excerpenda
716 595 817 651 tamen
825 593 913 652 haee:
930 592 1034 666 scripsi

66 677 182 749 ubique
202 677 279 747 quoi,
293 677 444 750 inprecor,
459 691 573 743 mecm,
593 693 712 744 omem,
733 681 811 744 tuos,
831 681 920 745 tuom,
943 677 1033 735 etiam

67 762 176 818 contra
193 759 304 832 libros;
331 759 439 833 quippe
459 759 515 818 hoe
533 759 622 818 modo
642 778 703 818 non
727 759 787 819 alio
807 758 917 818 Catulli
937 761 1034 818 aetate

67 843 182 917 scripta
196 841 288 900 fuisse
307 842 401 901 verba
413 843 470 902 ista
485 845 568 901 extra
581 843 799 902 dubitationem
814 845 879 901 erat
892 844 1033 917 positum.

66 927 184 998 Erunt,
199 923 258 1000 'qui
277 926 447 988 existiment
472 926 627 985 retinenda
646 928 752 986 saltem
771 927 864 986 fuisse
883 926 938 984 illa
956 931 1034 995 rcus,

65 1016 164 1078 tuma,
178 1025 261 1077 scas,
275 1027 371 1082 summ
391 1029 466 1085 quse
481 1029 551 1070 sane
565 1011 608 1069 ita
627 1012 738 1086 scripta
751 1010 861 1086 ubique
875 1011 1036 1070 occurrunt

65 1093 102 1152 in
121 1091 208 1152 libris
224 1090 408 1166 Catullianis,
429 1094 487 1153 nisi
501 1093 581 1169 qnod
596 1095 646 1167 63,
663 1095 702 1153 92
724 1095 851 1153 habetur
864 1097 914 1154 tuo
927 1095 965 1153 se
979 1110 1035 1168 pro

67 1183 135 1236 tuos
149 1179 188 1234 sit
202 1179 233 1234 et
246 1177 287 1234 ib.
304 1178 322 1236 9
337 1177 438 1237 tubam
452 1195 506 1252 pro
520 1183 608 1237 tuom.
640 1177 699 1236 Sed
709 1177 767 1237 etsi
781 1178 902 1236 minime
917 1177 1034 1253 ignoro,

68 1259 151 1336 qaod
165 1259 345 1320 Ritscbelius
364 1261 396 1319 in
416 1262 637 1338 prolegomenis
652 1261 821 1320 Trinummi
835 1279 885 1336 pg.
902 1261 942 1319 94
958 1261 1036 1318 dixit

67 1343 166 1403 videri
179 1344 310 1420 possein
319 1343 366 1403 his
380 1343 484 1404 formis
498 1344 680 1421 priusquam
690 1346 722 1404 in
733 1345 855 1420 reliquls
870 1344 1034 1404 communis

68 1427 150 1485 vitae
170 1445 229 1486 usu
242 1427 437 1487 substitutum
451 1447 494 1488 uu
507 1448 561 1505 pro
575 1446 623 1497 uo,
645 1431 746 1488 tamen
759 1430 824 1503 ipse
839 1429 886 1487 vir
901 1446 1034 1488 summus

69 1509 227 1583 concedet,
248 1514 283 1570 ut
300 1513 388 1586 puto,
414 1513 506 1572 nullis
531 1513 732 1572 commendari
756 1511 831 1571 hanc
856 1512 1035 1572 sententiam

68 1594 265 1667 testimoniis,
285 1595 345 1654 nisi
357 1593 415 1654 fide
429 1597 683 1669 membranarum,
705 1614 812 1672 quasa
825 1596 952 1669 septimo
966 1593 1034 1652 nrb.

70 1696 96 1736 o.
111 1678 231 1737 saeculo
246 1677 359 1760 distant
368 1680 453 1738 annis
467 1680 624 1740 minimum
638 1679 820 1756 quingentis.
844 1678 921 1748 Quid
935 1679 1035 1736 autem

69 1761 182 1820 mirum
202 1761 339 1821 librarios
359 1763 469 1822 saeculi
482 1783 513 1838 p.
529 1762 585 1821 eh:
602 1764 701 1838 quarti
720 1763 769 1822 vel
792 1761 890 1836 quinti
904 1761 937 1820 in
950 1779 1035 1820 vcca-

69 1846 151 1904 bnlis
171 1845 440 1922 pervulgatissimis
462 1846 508 1904 sui
528 1846 623 1920 magis
644 1845 789 1919 temporis
804 1843 952 1902 scribendi
967 1861 1034 1901 con-

71 1928 261 1988 suetudinem
275 1947 365 2004 quem
379 1929 429 1989 rel
444 1927 555 1986 Catulli
569 1929 618 1987 vel
632 1927 733 1986 Plauti
747 1925 948 2002 expressisse?
975 1925 1035 1984 Ita·

70 2031 129 2088 que
140 2011 260 2071 maioris
271 2013 329 2072 erit
339 2013 492 2086 momenti,
500 2013 545 2072 bis
558 2015 642 2072 terve
654 2011 679 2071 si
688 2011 858 2070 inveniatur
868 2009 900 2068 in
915 2010 1034 2085 scriptis

70 2095 157 2154 libris
178 2100 256 2164 tuoe,
283 2101 377 2171 tuom,
397 2116 486 2174 quam
507 2097 532 2156 si
546 2097 657 2156 centies
672 2100 754 2164 tuce,
771 2101 863 2154 tuum.
894 2093 1035 2154 Ceterum

71 2179 252 2238 conferenda
269 2199 344 2256 quae
365 2181 483 2255 scripsit
500 2179 712 2239 Brambaebius
732 2179 764 2238 in
784 2179 862 2237 libro
883 2177 920 2238 de
936 2179 1036 2238 ortho-

71 2262 198 2338 graphia
212 2263 304 2322 latina
318 2283 368 2339 pg.
385 2266 424 2324 87
440 2283 503 2340 sqq.

139 2345 223 2416 Quod
243 2349 346 2406 contra
365 2349 474 2407 intacta
499 2349 606 2424 reliqui
628 2351 682 2408 illa
707 2367 782 2424 quae
808 2349 879 2408 sunt
903 2350 1036 2407 mouent

69 2429 187 2488 rotroci
207 2430 329 2504 similia,
350 2431 384 2489 in
403 2432 691 2508 quibusnumquam
705 2433 822 2491 variant
834 2431 1035 2503 membranae,

71 2531 252 2588 quemquam
272 2515 395 2573 minime
412 2517 518 2590 ignoro
534 2517 582 2576 vel
597 2516 675 2591 apud
690 2514 829 2576 Ovidium
847 2511 895 2592 [cf.
910 2513 1034 2572 Merkel.

71 2595 172 2671 praef.
187 2617 216 2671 p.
232 2597 279 2656 III
298 2615 349 2673 pg.
365 2595 451 2678 VIII]
469 2601 500 2657 et
514 2600 587 2658 alios
602 2600 776 2675 posterioris
791 2599 896 2657 aetatis
911 2598 1034 2672 scripto-

70 2697 121 2737 res
142 2679 189 2737 hie
206 2680 270 2738 illic
289 2681 420 2740 exhiberi
442 2684 568 2742 vetustis
592 2685 678 2741 libris
702 2683 815 2742 volvont
841 2681 952 2742 solvont
977 2681 1036 2738 alia

71 2763 227 2822 eiusmodi.
258 2763 317 2822 Sed
336 2765 609 2841 antiquissimorum
628 2765 755 2841 Vergilii
780 2765 914 2824 codicum
939 2783 1034 2822 exem-

69 2847 126 2920 pla
144 2846 214 2905 dnm
235 2847 403 2921 considero,
426 2850 500 2908 mibi
520 2850 640 2926 quidem
660 2850 778 2908 videtur
797 2848 871 2905 haut
893 2846 1035 2906 dissimile

70 2929 139 2987 veri
153 2930 186 2987 in
197 2931 295 2990 verbis
309 2932 493 3007 priusquam
502 2934 535 2992 in
544 2933 714 2992 nominibus
730 2932 934 3004 contemptum
948 2930 1035 2987 illum

71 3012 206 3086 coepIsse
219 3015 296 3091 legis
310 3033 522 3091 sonorumque
536 3016 692 3076 observata
706 3017 845 3073 caverant
859 3015 1035 3089 plerumque

69 3096 201 3170 priores,
221 3100 359 3160 necrol
380 3101 392 3158 r·
411 3099 515 3158 eadem
535 3101 708 3175 sequeretur
727 3098 847 3158 vocalis.
877 3097 1036 3157 Praeterea

70 3197 191 3253 semper
211 3183 316 3256 scripsi
336 3187 430 3244 voster
448 3201 503 3258 pro
523 3187 628 3256 vestm
649 3201 828 3258 quamquam
848 3182 929 3257 quod
949 3199 1035 3255 saepe

70 3281 127 3337 pro
142 3263 195 3322 illc
209 3264 242 3322 in
255 3264 403 3326 codicibus
418 3268 530 3342 legitur
539 3272 636 3327 nourr
649 3268 734 3342 parvi
749 3267 892 3325 momenti
908 3283 971 3324 esse
985 3263 1035 3322 vel

70 3345 184 3405 nullius
203 3347 242 3405 ad
260 3349 389 3407 formam
410 3351 605 3411 vetustiorem
626 3350 836 3411 adstruendam
861 3347 1037 3406 fatebuntur

70 3430 124 3503 qui
139 3430 234 3489 scient
253 3434 284 3490 et
304 3437 400 3492 meter
420 3438 451 3492 et
469 3440 560 3495 cester
581 3435 695 3508 eodem,
716 3435 843 3509 primam
854 3431 995 3488 litteram
1010 3427 1036 3484 si

72 3513 216 3590 excipies,
239 3515 329 3576 scribi
349 3517 437 3578 solite
451 3537 516 3579 esse
531 3517 715 3595 compendio.
746 3515 806 3575 Sed
819 3512 946 3573 ridenda
960 3525 1035 3583 quse
