2444 4056
403 255 615 312 PRAEFATIO.
817 272 830 349 ’ς
965 265 989 310 v

31 424 79 482 sed
94 425 176 499 quali
198 423 259 483 fere
273 425 339 482 tum
353 423 457 482 habitu
472 424 599 483 fuissent
613 443 680 482 oum
694 425 730 482 ed
749 386 876 500 patriim
890 423 988 499 longis

32 509 178 567 afinibus
199 509 315 566 exsules
335 511 370 566 ut
390 512 436 566 est
460 509 492 566 in
511 511 584 566 noto
605 509 817 583 epigrammate
837 509 989 568 redierunt

32 593 115 650 idem.
146 590 232 662 Quod
247 591 379 651 studium
396 611 484 666 quam
498 592 572 650 utile
592 591 684 650 fuerit
703 593 813 668 eisqui
832 591 989 652 tractaturi

33 679 129 736 essent
146 677 277 736 carmina
298 676 334 734 de
355 677 464 750 quibus
483 677 584 751 agitur
608 693 770 734 memorare
790 693 850 736 non
871 677 988 734 attinet.

33 759 120 830 Nem,
137 761 216 836 quod
231 760 331 832 aiunt,
346 760 462 834 primus
477 760 516 818 ad
530 759 686 820 veritatem
701 759 909 818 inveniendam
923 778 988 836 gra-

36 843 87 900 dus
99 848 144 902 est
158 844 235 902 falsa
244 861 430 920 cognoscere.
457 843 594 902 Ceterum
609 844 664 902 hoc
675 861 794 916 munus,
812 861 990 918 quamquam

35 927 101 984 setis
121 929 254 1003 amplum
274 929 305 986 et
323 928 436 1002 ipsum,
458 929 524 988 aliis
546 932 647 987 tamen
667 929 750 986 auxit
764 931 795 986 et
816 927 989 986 cumulavit.

36 1009 108 1068 Nem
128 1014 159 1070 et
186 1012 369 1070 coniecturas
391 1013 506 1088 aliquot
525 1013 641 1071 addidit
666 1013 802 1086 proprias
823 1029 931 1085 easque
955 1027 991 1067 ex

36 1097 116 1166 parte
134 1096 304 1169 praeclaras
318 1113 373 1154 nec
392 1098 490 1154 minus
506 1097 608 1155 multis
623 1097 655 1154 in
670 1096 743 1156 locis
758 1099 856 1170 aperte
871 1111 991 1168 corrup·

37 1177 72 1235 tis
83 1180 212 1252 priorum
224 1180 393 1238 criticorum
404 1179 621 1240 emendationes
635 1181 697 1238 sive
711 1182 743 1240 in
752 1184 866 1239 textum
878 1179 991 1254 reecpit

39 1260 96 1320 sive
113 1259 147 1321 in
160 1264 239 1322 notis
259 1264 425 1338 proposuit,
450 1283 488 1322 ne
503 1265 615 1324 scilieet
629 1265 717 1322 nimis
733 1265 821 1323 rudes
836 1263 990 1338 indigesti·

40 1362 92 1417 que
109 1348 280 1407 riderentur
299 1347 395 1405 libelli
414 1348 460 1406 illi
481 1349 695 1424 elegantissimi
716 1348 769 1407 sed
789 1348 897 1406 iniuria
918 1351 991 1404 tem·

39 1446 137 1499 porum
151 1431 388 1507 depravatissimi
402 1435 495 1508 utque
509 1433 684 1492 auctoritate
699 1437 729 1491 et
746 1433 879 1507 exemplo
893 1433 991 1506 poste·

38 1512 123 1572 riores
137 1515 255 1574 criticos
270 1515 439 1574 hortaretur
454 1517 492 1576 ad
506 1517 658 1576 mendace
674 1535 749 1592 quae
764 1517 867 1574 relicta
883 1518 991 1584 essent,

41 1611 103 1655 sane
129 1599 188 1658 illis
216 1618 291 1674 quae
314 1599 430 1660 sublate
457 1618 519 1660 non
538 1600 696 1676 pauciora,
726 1599 817 1658 simili
845 1598 992 1658 industria

40 1683 217 1742 removenda.

97 1765 156 1826 Has
171 1771 283 1840 antem,
304 1785 366 1826 non
385 1769 474 1841 alias,
495 1770 626 1828 rationes
649 1769 742 1828 fnisse
756 1766 941 1826 Lachmanni
960 1765 992 1822 in

41 1851 202 1910 recensione
218 1852 396 1910 ereticorum
411 1871 437 1909 a.
454 1853 534 1909 1829
551 1852 583 1908 111
597 1852 704 1925 vulgus
720 1851 828 1907 emisse
842 1853 872 1906 et
883 1846 993 1905 Catulli

42 1934 195 1994 carminum
210 1937 346 2009 exemplo
361 1936 497 1994 firmatur
508 1937 538 1993 et
552 1935 646 2008 magis
658 1932 772 1990 'libulli
787 1951 819 1990 ac
833 1930 992 2004 Propertii.

43 2009 182 2080 Quantum
197 2019 235 2077 ad
245 2019 377 2090 Albium,
393 2019 622 2093 potissimumue
636 2035 728 2092 prope
742 2017 861 2076 unicam
876 2015 994 2074 leudem

44 2098 171 2162 editionis
185 2101 442 2162 Lachmennianee
457 2105 489 2162 in
504 2121 538 2161 eo
549 2120 612 2160 esse
626 2103 765 2177 positam,
783 2101 863 2176 quod
877 2100 992 2174 primns

43 2183 126 2241 verba
142 2179 277 2245 1181118111
298 2191 444 2261 quantum
458 2188 558 2261 potuit
572 2185 609 2244 fie
629 2186 635 2197 ‘
651 2185 688 2244 ab
703 2186 848 2244 italorum
862 2186 992 2258 interpo-

44 2263 194 2329 lationibus
204 2270 356 2332 vindicata
365 2271 606 2346 repraesentavit,
621 2287 680 2328 ram
692 2271 803 2343 optime
814 2271 994 2328 monuerunt

44 2345 232 2414 bacharius
261 2355 294 2412 in
320 2354 423 2413 libello
452 2355 489 2414 de
518 2353 693 2414 emendandi
722 2353 835 2412 Tibulli
864 2351 993 2412 carmina

45 2434 196 2497 rationibus
209 2439 320 2512 scripto
333 2469 364 2480 -—
374 2440 400 2497 is
412 2439 542 2497 insertus
550 2438 726 2496 Academiae
737 2435 993 2496 Amstelodamen·

45 2516 82 2574 sis
95 2522 373 2581 commentationum
385 2523 585 2582 literariarum
598 2522 678 2597 parti
692 2521 720 2580 X
734 2551 776 2562 -
792 2517 854 2599 [pg.
871 2522 899 2578 2.
912 2514 991 2596 sqq.]

45 2602 72 2656 et
85 2605 179 2674 paullo
199 2608 270 2680 post
284 2605 462 2666 Bitschelins
482 2607 515 2665 in
529 2605 672 2680 opusculo
687 2606 723 2663 de
738 2605 869 2664 eiusdem
889 2608 993 2678 poetae

44 2683 129 2760 elegia
148 2693 255 2764 quarta
273 2689 343 2748 libri
364 2691 468 2766 primi,
495 2691 575 2765 quod
596 2693 677 2748 extat
696 2691 728 2748 in
749 2690 822 2748 actis
844 2688 993 2747 societatis

44 2765 180 2834 literariee
201 2773 361 2834 Senonicae
382 2794 408 2832 a.
433 2775 514 2834 1866
536 2775 624 2833 editis
647 2769 706 2852 [pg.
724 2774 741 2829 2
758 2768 826 2850 sq.].
870 2771 993 2829 1111181-

45 2852 102 2910 oule
122 2861 187 2932 quis
208 2859 308 2918 credet
327 2858 564 2931 Lachmannum,
589 2857 793 2917 commentarii
806 2855 994 2928 Propertieni

45 2931 263 3018 Lucretiamque
277 2943 362 3001 illum
376 2947 542 3016 auctorem,
563 2942 737 3001 relicturum
756 2939 848 2997 fuisse
867 2939 994 2998 intactos

45 3017 70 3075 in
83 3021 195 3084 libullo
209 3029 258 3086 tot
271 3029 366 3101 loebe,
388 3029 440 3103 qui
452 3027 501 3085 vel
515 3044 532 3084 a
547 3045 636 3085 sensu
651 3024 799 3084 communi
818 3022 868 3082 vel
887 3042 905 3080 8
918 3043 994 3097 pura

45 3101 181 3168 latinitate
199 3113 288 3185 plane
308 3112 516 3181 abhorrerent,
546 3109 572 3168 si
591 3108 691 3184 potius
711 3107 793 3166 aliud
814 3107 885 3184 quid
905 3126 994 3182 quam

45 3190 170 3251 codicum
185 3197 365 3270 optimorum
384 3196 563 3270 scripturam
582 3196 647 3251 tum
666 3193 807 3268 temporis
828 3209 994 3267 proponere

45 3276 146 3338 vellet?
179 3279 280 3338 Etiam
301 3281 430 3355 apertior
449 3297 497 3338 res
513 3281 558 3337 est
578 3278 610 3336 in
623 3277 774 3353 Propertii
789 3276 927 3336 editione.
957 3274 994 3334 In

46 3376 96 3431 qne
104 3362 217 3422 relictis
229 3364 389 3439 plerisque,
402 3382 478 3441 quse
488 3363 551 3438 ipse
563 3363 635 3420 olim
644 3362 830 3439 sagacissime
843 3361 994 3418 detexerat

45 3443 115 3504 titiis
130 3448 213 3504 nulle
228 3447 290 3505 fere
306 3467 394 3523 quem
407 3466 481 3522 quae
496 3447 611 3522 pridem
622 3446 659 3504 ab
674 3446 758 3504 Italis
770 3449 883 3503 remota
895 3445 994 3500 essent

46 3530 140 3589 nenda
154 3531 291 3604 sustulit,
313 3532 462 3592 Friderici
476 3531 578 3592 Iacobi
592 3531 779 3606 potissimum
793 3526 994 3585 recensionem
