<?xml version="1.0" encoding="UTF-8"?>
<!DOCTYPE html PUBLIC "-//W3C//DTD XHTML 1.0 Transitional//EN"
    "http://www.w3.org/TR/xhtml1/DTD/xhtml1-transitional.dtd">
<html xmlns="http://www.w3.org/1999/xhtml" xml:lang="en" lang="en">
 <head>
  <title>
</title>
<meta http-equiv="Content-Type" content="text/html;charset=utf-8" />
  <meta name='ocr-system' content='tesseract 3.04.00' />
  <meta name='ocr-capabilities' content='ocr_page ocr_carea ocr_par ocr_line ocrx_word'/>
</head>
<body>
  <div class='ocr_page' id='page_1' title='image "./catvllitibvllip00priagoog_0284.png"; bbox 0 0 2468 4036; ppageno 0'>
   <div class='ocr_carea' id='block_1_1' title="bbox 305 377 961 546">
    <p class='ocr_par' dir='ltr' id='par_1_1' title="bbox 305 377 961 546">
     <span class='ocr_line' id='line_1_1' title="bbox 305 377 961 546; baseline -0.003 0"><span class='ocrx_word' id='word_1_1' title='bbox 305 492 310 500; x_wconf 89' lang='lat'>·</span> <span class='ocrx_word' id='word_1_2' title='bbox 391 377 605 546; x_wconf 78' lang='lat' dir='ltr'>Areu</span> <span class='ocrx_word' id='word_1_3' title='bbox 652 445 961 544; x_wconf 81' lang='lat' dir='ltr'>rmvnm</span> 
     </span>
    </p>
   </div>
   <div class='ocr_carea' id='block_1_2' title="bbox 496 616 864 678">
    <p class='ocr_par' dir='ltr' id='par_1_2' title="bbox 496 616 864 678">
     <span class='ocr_line' id='line_1_2' title="bbox 496 616 864 678; baseline 0 -1"><span class='ocrx_word' id='word_1_4' title='bbox 496 619 617 678; x_wconf 80' lang='lat' dir='ltr'>LIBER</span> <span class='ocrx_word' id='word_1_5' title='bbox 645 616 864 678; x_wconf 82' lang='lat' dir='ltr'>SECVNDVS.</span> 
     </span>
    </p>
   </div>
   <div class='ocr_carea' id='block_1_3' title="bbox 662 819 691 892">
    <p class='ocr_par' dir='ltr' id='par_1_3' title="bbox 662 819 691 892">
     <span class='ocr_line' id='line_1_3' title="bbox 662 819 691 892; baseline 0 0"><span class='ocrx_word' id='word_1_6' title='bbox 662 819 691 892; x_wconf 92' lang='grc' dir='ltr'>Ι.</span> 
     </span>
    </p>
   </div>
   <div class='ocr_carea' id='block_1_4' title="bbox 213 921 1155 3545">
    <p class='ocr_par' dir='ltr' id='par_1_4' title="bbox 262 921 1141 1104">
     <span class='ocr_line' id='line_1_4' title="bbox 262 921 1141 1021; baseline -0.007 -22"><span class='ocrx_word' id='word_1_7' title='bbox 262 921 421 1021; x_wconf 81' lang='lat' dir='ltr'><strong>Quisquis</strong></span> <span class='ocrx_word' id='word_1_8' title='bbox 444 935 542 1017; x_wconf 85' lang='lat' dir='ltr'>adest,</span> <span class='ocrx_word' id='word_1_9' title='bbox 562 935 682 998; x_wconf 84' lang='lat' dir='ltr'>faveat:</span> <span class='ocrx_word' id='word_1_10' title='bbox 698 933 807 1018; x_wconf 84' lang='lat' dir='ltr'>fruges</span> <span class='ocrx_word' id='word_1_11' title='bbox 822 932 993 997; x_wconf 85' lang='lat' dir='ltr'>lustramus</span> <span class='ocrx_word' id='word_1_12' title='bbox 1009 935 1040 996; x_wconf 88' lang='lat' dir='ltr'>et</span> <span class='ocrx_word' id='word_1_13' title='bbox 1053 951 1141 1017; x_wconf 83' lang='lat' dir='ltr'>agros,</span> 
     </span>
     <span class='ocr_line' id='line_1_5' title="bbox 303 1017 975 1104; baseline -0.003 -20"><span class='ocrx_word' id='word_1_14' title='bbox 303 1020 396 1084; x_wconf 84' lang='lat' dir='ltr'>Ritus</span> <span class='ocrx_word' id='word_1_15' title='bbox 418 1023 454 1085; x_wconf 91' lang='lat' dir='ltr'>ut</span> <span class='ocrx_word' id='word_1_16' title='bbox 476 1042 495 1083; x_wconf 92' lang='lat' dir='ltr'>a</span> <span class='ocrx_word' id='word_1_17' title='bbox 515 1019 621 1104; x_wconf 84' lang='lat' dir='ltr'>priseo</span> <span class='ocrx_word' id='word_1_18' title='bbox 643 1017 777 1081; x_wconf 85' lang='lat' dir='ltr'>traditus</span> <span class='ocrx_word' id='word_1_19' title='bbox 801 1020 886 1082; x_wconf 81' lang='lat' dir='ltr'>extat</span> <span class='ocrx_word' id='word_1_20' title='bbox 907 1039 975 1082; x_wconf 74' lang='lat' dir='ltr'>avo,</span> 
     </span>
    </p>

    <p class='ocr_par' dir='ltr' id='par_1_5' title="bbox 230 1099 1144 1608">
     <span class='ocr_line' id='line_1_6' title="bbox 261 1099 1074 1186; baseline -0.005 -18"><span class='ocrx_word' id='word_1_21' title='bbox 261 1099 402 1183; x_wconf 88' lang='lat' dir='ltr'>Baoohe,</span> <span class='ocrx_word' id='word_1_22' title='bbox 424 1105 513 1186; x_wconf 84' lang='lat' dir='ltr'>veni,</span> <span class='ocrx_word' id='word_1_23' title='bbox 536 1101 699 1185; x_wconf 84' lang='lat' dir='ltr'>dulcisque</span> <span class='ocrx_word' id='word_1_24' title='bbox 720 1103 784 1165; x_wconf 85' lang='lat' dir='ltr'>tuis</span> <span class='ocrx_word' id='word_1_25' title='bbox 806 1123 824 1166; x_wconf 93' lang='lat' dir='ltr'>e</span> <span class='ocrx_word' id='word_1_26' title='bbox 846 1102 994 1166; x_wconf 82' lang='lat' dir='ltr'>cornibus</span> <span class='ocrx_word' id='word_1_27' title='bbox 1016 1123 1074 1164; x_wconf 85' lang='lat' dir='ltr'>uva</span> 
     </span>
     <span class='ocr_line' id='line_1_7' title="bbox 305 1185 1059 1284; baseline -0.003 -32"><span class='ocrx_word' id='word_1_28' title='bbox 305 1187 462 1271; x_wconf 87' lang='lat' dir='ltr'>Pendeat,</span> <span class='ocrx_word' id='word_1_29' title='bbox 486 1193 518 1252; x_wconf 90' lang='lat' dir='ltr'>et</span> <span class='ocrx_word' id='word_1_30' title='bbox 540 1187 636 1284; x_wconf 80' lang='lat' dir='ltr'>spicis</span> <span class='ocrx_word' id='word_1_31' title='bbox 658 1190 803 1269; x_wconf 87' lang='lat' dir='ltr'>tempora</span> <span class='ocrx_word' id='word_1_32' title='bbox 824 1186 933 1271; x_wconf 83' lang='lat' dir='ltr'><strong>cinge,</strong></span> <span class='ocrx_word' id='word_1_33' title='bbox 957 1185 1059 1252; x_wconf 75' lang='lat' dir='ltr'>Ceres.</span> 
     </span>
     <span class='ocr_line' id='line_1_8' title="bbox 230 1261 1144 1355; baseline -0.004 -21"><span class='ocrx_word' id='word_1_34' title='bbox 230 1271 347 1336; x_wconf 80' lang='lat' dir='ltr'>5Luoe</span> <span class='ocrx_word' id='word_1_35' title='bbox 370 1293 459 1336; x_wconf 85' lang='lat' dir='ltr'>saera</span> <span class='ocrx_word' id='word_1_36' title='bbox 479 1273 657 1355; x_wconf 80' lang='lat' dir='ltr'>requiescat</span> <span class='ocrx_word' id='word_1_37' title='bbox 674 1261 808 1355; x_wconf 84' lang='lat' dir='ltr'>humus,</span> <span class='ocrx_word' id='word_1_38' title='bbox 840 1271 1019 1354; x_wconf 85' lang='lat' dir='ltr'>requieseat</span> <span class='ocrx_word' id='word_1_39' title='bbox 1038 1271 1144 1350; x_wconf 81' lang='lat' dir='ltr'>arator,</span> 
     </span>
     <span class='ocr_line' id='line_1_9' title="bbox 304 1355 1026 1440; baseline -0.001 -21"><span class='ocrx_word' id='word_1_40' title='bbox 304 1355 348 1419; x_wconf 77' lang='lat' dir='ltr'>nt</span> <span class='ocrx_word' id='word_1_41' title='bbox 369 1377 464 1440; x_wconf 84' lang='lat' dir='ltr'>grave</span> <span class='ocrx_word' id='word_1_42' title='bbox 487 1377 642 1440; x_wconf 90' lang='lat' dir='ltr'>suspenso</span> <span class='ocrx_word' id='word_1_43' title='bbox 664 1377 791 1419; x_wconf 89' lang='lat' dir='ltr'>vomere</span> <span class='ocrx_word' id='word_1_44' title='bbox 814 1358 916 1419; x_wconf 82' lang='lat' dir='ltr'>cesset</span> <span class='ocrx_word' id='word_1_45' title='bbox 938 1377 1026 1438; x_wconf 89' lang='lat' dir='ltr'>opus.</span> 
     </span>
     <span class='ocr_line' id='line_1_10' title="bbox 265 1438 1116 1525; baseline -0.007 -20"><span class='ocrx_word' id='word_1_46' title='bbox 265 1438 385 1505; x_wconf 75' lang='lat' dir='ltr'>Solvite</span> <span class='ocrx_word' id='word_1_47' title='bbox 406 1440 513 1504; x_wconf 82' lang='lat' dir='ltr'>vinela</span> <span class='ocrx_word' id='word_1_48' title='bbox 534 1441 633 1525; x_wconf 89' lang='lat' dir='ltr'>iugis:</span> <span class='ocrx_word' id='word_1_49' title='bbox 654 1460 740 1503; x_wconf 84' lang='lat' dir='ltr'>nune</span> <span class='ocrx_word' id='word_1_50' title='bbox 763 1439 803 1503; x_wconf 90' lang='lat' dir='ltr'>ad</span> <span class='ocrx_word' id='word_1_51' title='bbox 825 1442 990 1524; x_wconf 83' lang='lat' dir='ltr'>praesepia</span> <span class='ocrx_word' id='word_1_52' title='bbox 1011 1438 1116 1503; x_wconf 90' lang='lat' dir='ltr'>debent</span> 
     </span>
     <span class='ocr_line' id='line_1_11' title="bbox 303 1523 937 1608; baseline 0 -20"><span class='ocrx_word' id='word_1_53' title='bbox 303 1523 404 1588; x_wconf 88' lang='lat' dir='ltr'>Plena</span> <span class='ocrx_word' id='word_1_54' title='bbox 426 1528 578 1590; x_wconf 82' lang='lat' dir='ltr'>coronato</span> <span class='ocrx_word' id='word_1_55' title='bbox 602 1527 685 1588; x_wconf 85' lang='lat' dir='ltr'>stare</span> <span class='ocrx_word' id='word_1_56' title='bbox 706 1524 803 1589; x_wconf 88' lang='lat' dir='ltr'>boves</span> <span class='ocrx_word' id='word_1_57' title='bbox 826 1524 937 1608; x_wconf 86' lang='lat' dir='ltr'>eapite.</span> 
     </span>
    </p>

    <p class='ocr_par' dir='ltr' id='par_1_6' title="bbox 214 1608 1024 1777">
     <span class='ocr_line' id='line_1_12' title="bbox 263 1608 1024 1693; baseline -0.003 -19"><span class='ocrx_word' id='word_1_58' title='bbox 263 1609 378 1674; x_wconf 85' lang='lat' dir='ltr'>Omnia</span> <span class='ocrx_word' id='word_1_59' title='bbox 400 1609 465 1674; x_wconf 84' lang='lat' dir='ltr'>sint</span> <span class='ocrx_word' id='word_1_60' title='bbox 487 1612 618 1693; x_wconf 87' lang='lat' dir='ltr'>operata</span> <span class='ocrx_word' id='word_1_61' title='bbox 639 1609 713 1672; x_wconf 87' lang='lat' dir='ltr'>deo:</span> <span class='ocrx_word' id='word_1_62' title='bbox 734 1630 801 1672; x_wconf 89' lang='lat' dir='ltr'>non</span> <span class='ocrx_word' id='word_1_63' title='bbox 823 1608 936 1672; x_wconf 85' lang='lat' dir='ltr'>audeat</span> <span class='ocrx_word' id='word_1_64' title='bbox 957 1609 1024 1673; x_wconf 88' lang='lat' dir='ltr'>ulla</span> 
     </span>
     <span class='ocr_line' id='line_1_13' title="bbox 214 1693 967 1777; baseline 0 -21"><span class='ocrx_word' id='word_1_65' title='bbox 214 1706 247 1756; x_wconf 91' lang='lat'>10</span> <span class='ocrx_word' id='word_1_66' title='bbox 303 1693 477 1758; x_wconf 83' lang='lat' dir='ltr'>Lanificam</span> <span class='ocrx_word' id='word_1_67' title='bbox 497 1694 606 1777; x_wconf 89' lang='lat' dir='ltr'>pensis</span> <span class='ocrx_word' id='word_1_68' title='bbox 628 1693 807 1776; x_wconf 83' lang='lat' dir='ltr'>inposuisse</span> <span class='ocrx_word' id='word_1_69' title='bbox 828 1715 967 1756; x_wconf 86' lang='lat' dir='ltr'>manum.</span> 
     </span>
    </p>

    <p class='ocr_par' dir='ltr' id='par_1_7' title="bbox 261 1773 1148 2115">
     <span class='ocr_line' id='line_1_14' title="bbox 261 1773 1148 1861; baseline -0.006 -18"><span class='ocrx_word' id='word_1_70' title='bbox 261 1776 329 1843; x_wconf 89' lang='lat' dir='ltr'>Vos</span> <span class='ocrx_word' id='word_1_71' title='bbox 345 1800 470 1861; x_wconf 92' lang='lat' dir='ltr'>quoque</span> <span class='ocrx_word' id='word_1_72' title='bbox 486 1779 596 1843; x_wconf 88' lang='lat' dir='ltr'>abesse</span> <span class='ocrx_word' id='word_1_73' title='bbox 611 1778 723 1861; x_wconf 80' lang='lat' dir='ltr'>procul</span> <span class='ocrx_word' id='word_1_74' title='bbox 737 1778 845 1859; x_wconf 85' lang='lat' dir='ltr'>iubeo,</span> <span class='ocrx_word' id='word_1_75' title='bbox 870 1777 1011 1842; x_wconf 82' lang='lat' dir='ltr'>discedat</span> <span class='ocrx_word' id='word_1_76' title='bbox 1027 1778 1065 1842; x_wconf 89' lang='lat' dir='ltr'>ab</span> <span class='ocrx_word' id='word_1_77' title='bbox 1079 1773 1148 1856; x_wconf 82' lang='lat' dir='ltr'>aris,</span> 
     </span>
     <span class='ocr_line' id='line_1_15' title="bbox 306 1861 1025 1946; baseline -0.001 -19"><span class='ocrx_word' id='word_1_78' title='bbox 306 1861 366 1927; x_wconf 82' lang='lat' dir='ltr'>Cui</span> <span class='ocrx_word' id='word_1_79' title='bbox 387 1863 462 1926; x_wconf 89' lang='lat' dir='ltr'>tulit</span> <span class='ocrx_word' id='word_1_80' title='bbox 483 1862 633 1927; x_wconf 89' lang='lat' dir='ltr'>hesterna</span> <span class='ocrx_word' id='word_1_81' title='bbox 653 1861 770 1946; x_wconf 88' lang='lat' dir='ltr'>gaudia</span> <span class='ocrx_word' id='word_1_82' title='bbox 790 1863 888 1925; x_wconf 81' lang='lat' dir='ltr'>nocte</span> <span class='ocrx_word' id='word_1_83' title='bbox 906 1861 1025 1926; x_wconf 88' lang='lat' dir='ltr'>Venus.</span> 
     </span>
     <span class='ocr_line' id='line_1_16' title="bbox 264 1946 1096 2031; baseline -0.005 -19"><span class='ocrx_word' id='word_1_84' title='bbox 264 1947 360 2012; x_wconf 80' lang='lat' dir='ltr'>Casta</span> <span class='ocrx_word' id='word_1_85' title='bbox 381 1947 511 2030; x_wconf 84' lang='lat' dir='ltr'>placent</span> <span class='ocrx_word' id='word_1_86' title='bbox 532 1947 669 2031; x_wconf 89' lang='lat' dir='ltr'>superis:</span> <span class='ocrx_word' id='word_1_87' title='bbox 691 1967 771 2030; x_wconf 85' lang='lat' dir='ltr'>pura</span> <span class='ocrx_word' id='word_1_88' title='bbox 794 1967 865 2009; x_wconf 88' lang='lat' dir='ltr'>eum</span> <span class='ocrx_word' id='word_1_89' title='bbox 886 1948 974 2010; x_wconf 85' lang='lat' dir='ltr'>veste</span> <span class='ocrx_word' id='word_1_90' title='bbox 996 1946 1096 2010; x_wconf 88' lang='lat' dir='ltr'>venite</span> 
     </span>
     <span class='ocr_line' id='line_1_17' title="bbox 304 2030 1030 2115; baseline 0.001 -21"><span class='ocrx_word' id='word_1_91' title='bbox 304 2031 348 2094; x_wconf 83' lang='lat' dir='ltr'>Et</span> <span class='ocrx_word' id='word_1_92' title='bbox 369 2033 515 2096; x_wconf 86' lang='lat' dir='ltr'>manibus</span> <span class='ocrx_word' id='word_1_93' title='bbox 537 2031 626 2115; x_wconf 90' lang='lat' dir='ltr'>puris</span> <span class='ocrx_word' id='word_1_94' title='bbox 649 2031 762 2094; x_wconf 86' lang='lat' dir='ltr'>sumite</span> <span class='ocrx_word' id='word_1_95' title='bbox 782 2030 884 2094; x_wconf 84' lang='lat' dir='ltr'>fontis</span> <span class='ocrx_word' id='word_1_96' title='bbox 907 2052 1030 2112; x_wconf 90' lang='lat' dir='ltr'>aquam.</span> 
     </span>
    </p>

    <p class='ocr_par' dir='ltr' id='par_1_8' title="bbox 213 2113 1155 3545">
     <span class='ocr_line' id='line_1_18' title="bbox 214 2113 1104 2201; baseline 0 -25"><span class='ocrx_word' id='word_1_97' title='bbox 214 2125 247 2177; x_wconf 77' lang='lat'>15</span> <span class='ocrx_word' id='word_1_98' title='bbox 264 2113 406 2198; x_wconf 75' lang='lat' dir='ltr'>Gemite,</span> <span class='ocrx_word' id='word_1_99' title='bbox 429 2116 589 2201; x_wconf 76' lang='lat' dir='ltr'>fulgentes</span> <span class='ocrx_word' id='word_1_100' title='bbox 610 2118 647 2178; x_wconf 88' lang='lat' dir='ltr'>ut</span> <span class='ocrx_word' id='word_1_101' title='bbox 668 2118 721 2178; x_wconf 86' lang='lat' dir='ltr'>eat</span> <span class='ocrx_word' id='word_1_102' title='bbox 742 2136 830 2179; x_wconf 84' lang='lat' dir='ltr'>sacer</span> <span class='ocrx_word' id='word_1_103' title='bbox 853 2135 954 2199; x_wconf 87' lang='lat' dir='ltr'>agnus</span> <span class='ocrx_word' id='word_1_104' title='bbox 977 2115 1017 2179; x_wconf 89' lang='lat' dir='ltr'>ad</span> <span class='ocrx_word' id='word_1_105' title='bbox 1039 2135 1104 2178; x_wconf 85' lang='lat' dir='ltr'>aras</span> 
     </span>
     <span class='ocr_line' id='line_1_19' title="bbox 304 2199 1075 2283; baseline 0 -21"><span class='ocrx_word' id='word_1_106' title='bbox 304 2199 483 2283; x_wconf 83' lang='lat' dir='ltr'>Vinctaque</span> <span class='ocrx_word' id='word_1_107' title='bbox 503 2203 578 2283; x_wconf 86' lang='lat' dir='ltr'>post</span> <span class='ocrx_word' id='word_1_108' title='bbox 600 2201 670 2263; x_wconf 89' lang='lat' dir='ltr'>olea</span> <span class='ocrx_word' id='word_1_109' title='bbox 691 2199 825 2264; x_wconf 86' lang='lat' dir='ltr'>eandida</span> <span class='ocrx_word' id='word_1_110' title='bbox 846 2199 938 2262; x_wconf 88' lang='lat' dir='ltr'>turba</span> <span class='ocrx_word' id='word_1_111' title='bbox 960 2220 1075 2263; x_wconf 83' lang='lat' dir='ltr'>eomas.</span> 
     </span>
     <span class='ocr_line' id='line_1_20' title="bbox 262 2281 1135 2369; baseline -0.002 -23"><span class='ocrx_word' id='word_1_112' title='bbox 262 2281 304 2346; x_wconf 91' lang='lat' dir='ltr'>Di</span> <span class='ocrx_word' id='word_1_113' title='bbox 326 2283 438 2364; x_wconf 88' lang='lat' dir='ltr'>patrii,</span> <span class='ocrx_word' id='word_1_114' title='bbox 460 2305 635 2368; x_wconf 86' lang='lat' dir='ltr'>purgamus</span> <span class='ocrx_word' id='word_1_115' title='bbox 658 2305 768 2368; x_wconf 86' lang='lat' dir='ltr'>agros,</span> <span class='ocrx_word' id='word_1_116' title='bbox 790 2305 961 2368; x_wconf 86' lang='lat' dir='ltr'>purgamus</span> <span class='ocrx_word' id='word_1_117' title='bbox 984 2286 1135 2369; x_wconf 74' lang='lat' dir='ltr'>agrestes:</span> 
     </span>
     <span class='ocr_line' id='line_1_21' title="bbox 303 2365 1000 2452; baseline 0 -21"><span class='ocrx_word' id='word_1_118' title='bbox 303 2365 372 2431; x_wconf 87' lang='lat' dir='ltr'>Vos</span> <span class='ocrx_word' id='word_1_119' title='bbox 393 2366 478 2429; x_wconf 86' lang='lat' dir='ltr'>mala</span> <span class='ocrx_word' id='word_1_120' title='bbox 500 2367 538 2432; x_wconf 94' lang='lat' dir='ltr'>de</span> <span class='ocrx_word' id='word_1_121' title='bbox 559 2369 677 2432; x_wconf 86' lang='lat' dir='ltr'>nostris</span> <span class='ocrx_word' id='word_1_122' title='bbox 699 2368 808 2452; x_wconf 75' lang='lat' dir='ltr'>pellite</span> <span class='ocrx_word' id='word_1_123' title='bbox 830 2368 1000 2451; x_wconf 80' lang='lat' dir='ltr'>limitibus,</span> 
     </span>
     <span class='ocr_line' id='line_1_22' title="bbox 262 2449 1067 2535; baseline 0 -19"><span class='ocrx_word' id='word_1_124' title='bbox 262 2449 335 2516; x_wconf 90' lang='lat' dir='ltr'>Neu</span> <span class='ocrx_word' id='word_1_125' title='bbox 357 2471 448 2535; x_wconf 89' lang='lat' dir='ltr'>seges</span> <span class='ocrx_word' id='word_1_126' title='bbox 471 2451 578 2516; x_wconf 85' lang='lat' dir='ltr'>eludat</span> <span class='ocrx_word' id='word_1_127' title='bbox 598 2474 735 2516; x_wconf 89' lang='lat' dir='ltr'>messem</span> <span class='ocrx_word' id='word_1_128' title='bbox 756 2452 921 2517; x_wconf 79' lang='lat' dir='ltr'>fallacibus</span> <span class='ocrx_word' id='word_1_129' title='bbox 943 2451 1051 2516; x_wconf 89' lang='lat' dir='ltr'>herbis</span> <span class='ocrx_word' id='word_1_130' title='bbox 1058 2501 1067 2534; x_wconf 90' lang='lat'><strong><em>,</em></strong></span> 
     </span>
     <span class='ocr_line' id='line_1_23' title="bbox 213 2534 1020 2621; baseline 0.002 -22"><span class='ocrx_word' id='word_1_131' title='bbox 213 2547 248 2599; x_wconf 77' lang='lat'>20</span> <span class='ocrx_word' id='word_1_132' title='bbox 306 2534 378 2600; x_wconf 90' lang='lat' dir='ltr'>Neu</span> <span class='ocrx_word' id='word_1_133' title='bbox 398 2535 511 2600; x_wconf 85' lang='lat' dir='ltr'>timeat</span> <span class='ocrx_word' id='word_1_134' title='bbox 533 2535 650 2600; x_wconf 81' lang='lat' dir='ltr'>celeres</span> <span class='ocrx_word' id='word_1_135' title='bbox 671 2537 792 2601; x_wconf 84' lang='lat' dir='ltr'>tardior</span> <span class='ocrx_word' id='word_1_136' title='bbox 813 2558 897 2621; x_wconf 82' lang='lat' dir='ltr'>agna</span> <span class='ocrx_word' id='word_1_137' title='bbox 919 2537 1020 2620; x_wconf 87' lang='lat' dir='ltr'>lupos.</span> 
     </span>
     <span class='ocr_line' id='line_1_24' title="bbox 263 2619 1048 2705; baseline 0 -21"><span class='ocrx_word' id='word_1_138' title='bbox 263 2619 353 2684; x_wconf 81' lang='lat' dir='ltr'>Tune</span> <span class='ocrx_word' id='word_1_139' title='bbox 375 2621 495 2685; x_wconf 88' lang='lat' dir='ltr'>nitidus</span> <span class='ocrx_word' id='word_1_140' title='bbox 517 2621 621 2705; x_wconf 87' lang='lat' dir='ltr'>plenis</span> <span class='ocrx_word' id='word_1_141' title='bbox 644 2621 780 2685; x_wconf 83' lang='lat' dir='ltr'>confisus</span> <span class='ocrx_word' id='word_1_142' title='bbox 803 2621 939 2686; x_wconf 79' lang='lat' dir='ltr'>rusticus</span> <span class='ocrx_word' id='word_1_143' title='bbox 962 2621 1048 2705; x_wconf 87' lang='lat' dir='ltr'>agris</span> 
     </span>
     <span class='ocr_line' id='line_1_25' title="bbox 305 2704 959 2790; baseline 0.002 -23"><span class='ocrx_word' id='word_1_144' title='bbox 305 2704 436 2790; x_wconf 88' lang='lat' dir='ltr'>Ingeret</span> <span class='ocrx_word' id='word_1_145' title='bbox 458 2705 583 2769; x_wconf 87' lang='lat' dir='ltr'>ardenti</span> <span class='ocrx_word' id='word_1_146' title='bbox 604 2706 739 2790; x_wconf 82' lang='lat' dir='ltr'>grandia</span> <span class='ocrx_word' id='word_1_147' title='bbox 760 2705 849 2790; x_wconf 87' lang='lat' dir='ltr'>ligna</span> <span class='ocrx_word' id='word_1_148' title='bbox 870 2705 959 2788; x_wconf 79' lang='lat' dir='ltr'>foco,</span> 
     </span>
     <span class='ocr_line' id='line_1_26' title="bbox 264 2788 1117 2874; baseline 0 -22"><span class='ocrx_word' id='word_1_149' title='bbox 264 2788 431 2873; x_wconf 83' lang='lat' dir='ltr'>Turbaque</span> <span class='ocrx_word' id='word_1_150' title='bbox 453 2812 636 2869; x_wconf 78' lang='lat' dir='ltr'>vernarum,</span> <span class='ocrx_word' id='word_1_151' title='bbox 659 2789 758 2853; x_wconf 90' lang='lat' dir='ltr'>saturi</span> <span class='ocrx_word' id='word_1_152' title='bbox 779 2789 864 2853; x_wconf 91' lang='lat' dir='ltr'>bona</span> <span class='ocrx_word' id='word_1_153' title='bbox 886 2790 978 2874; x_wconf 88' lang='lat' dir='ltr'>signa</span> <span class='ocrx_word' id='word_1_154' title='bbox 1000 2788 1117 2870; x_wconf 80' lang='lat' dir='ltr'>uoloni,</span> 
     </span>
     <span class='ocr_line' id='line_1_27' title="bbox 306 2873 1010 2959; baseline 0 -21"><span class='ocrx_word' id='word_1_155' title='bbox 306 2873 408 2938; x_wconf 84' lang='lat' dir='ltr'>Ludet</span> <span class='ocrx_word' id='word_1_156' title='bbox 429 2876 462 2938; x_wconf 90' lang='lat' dir='ltr'>et</span> <span class='ocrx_word' id='word_1_157' title='bbox 483 2897 521 2938; x_wconf 88' lang='lat' dir='ltr'>ex</span> <span class='ocrx_word' id='word_1_158' title='bbox 547 2875 645 2959; x_wconf 83' lang='lat' dir='ltr'>virgis</span> <span class='ocrx_word' id='word_1_159' title='bbox 671 2876 794 2938; x_wconf 82' lang='lat' dir='ltr'>extruet</span> <span class='ocrx_word' id='word_1_160' title='bbox 815 2875 888 2936; x_wconf 87' lang='lat' dir='ltr'>ante</span> <span class='ocrx_word' id='word_1_161' title='bbox 911 2895 1010 2938; x_wconf 81' lang='lat' dir='ltr'>casae.</span> 
     </span>
     <span class='ocr_line' id='line_1_28' title="bbox 213 2957 1015 3042; baseline 0.002 -23"><span class='ocrx_word' id='word_1_162' title='bbox 213 2970 246 3019; x_wconf 78' lang='lat'>25</span> <span class='ocrx_word' id='word_1_163' title='bbox 262 2958 424 3023; x_wconf 79' lang='lat' dir='ltr'>Eventura</span> <span class='ocrx_word' id='word_1_164' title='bbox 444 2979 572 3042; x_wconf 79' lang='lat' dir='ltr'>precor:</span> <span class='ocrx_word' id='word_1_165' title='bbox 594 2959 689 3023; x_wconf 87' lang='lat' dir='ltr'>viden</span> <span class='ocrx_word' id='word_1_166' title='bbox 710 2960 746 3020; x_wconf 87' lang='lat' dir='ltr'>ut</span> <span class='ocrx_word' id='word_1_167' title='bbox 767 2957 912 3022; x_wconf 84' lang='lat' dir='ltr'>felicibus</span> <span class='ocrx_word' id='word_1_168' title='bbox 935 2957 1015 3022; x_wconf 86' lang='lat' dir='ltr'>extis</span> 
     </span>
     <span class='ocr_line' id='line_1_29' title="bbox 307 3041 995 3128; baseline -0.003 -22"><span class='ocrx_word' id='word_1_169' title='bbox 307 3042 473 3128; x_wconf 83' lang='lat' dir='ltr'>Signifioet</span> <span class='ocrx_word' id='word_1_170' title='bbox 494 3043 636 3127; x_wconf 84' lang='lat' dir='ltr'>placidos</span> <span class='ocrx_word' id='word_1_171' title='bbox 658 3043 772 3107; x_wconf 81' lang='lat' dir='ltr'>nuntia</span> <span class='ocrx_word' id='word_1_172' title='bbox 792 3042 873 3105; x_wconf 89' lang='lat' dir='ltr'>fibra</span> <span class='ocrx_word' id='word_1_173' title='bbox 897 3041 995 3106; x_wconf 82' lang='lat' dir='ltr'>deos?</span> 
     </span>
     <span class='ocr_line' id='line_1_30' title="bbox 263 3123 1096 3210; baseline 0 -20"><span class='ocrx_word' id='word_1_174' title='bbox 263 3123 358 3190; x_wconf 85' lang='lat' dir='ltr'>Nune</span> <span class='ocrx_word' id='word_1_175' title='bbox 380 3127 460 3190; x_wconf 89' lang='lat' dir='ltr'>mihi</span> <span class='ocrx_word' id='word_1_176' title='bbox 481 3127 624 3192; x_wconf 87' lang='lat' dir='ltr'>fumosos</span> <span class='ocrx_word' id='word_1_177' title='bbox 647 3127 761 3192; x_wconf 87' lang='lat' dir='ltr'>veteris</span> <span class='ocrx_word' id='word_1_178' title='bbox 783 3126 923 3210; x_wconf 83' lang='lat' dir='ltr'>proferte</span> <span class='ocrx_word' id='word_1_179' title='bbox 944 3125 1096 3192; x_wconf 86' lang='lat' dir='ltr'>Falernos</span> 
     </span>
     <span class='ocr_line' id='line_1_31' title="bbox 308 3208 986 3276; baseline 0.003 -4"><span class='ocrx_word' id='word_1_180' title='bbox 308 3208 456 3273; x_wconf 83' lang='lat' dir='ltr'>Consulis</span> <span class='ocrx_word' id='word_1_181' title='bbox 480 3213 511 3274; x_wconf 90' lang='lat' dir='ltr'>et</span> <span class='ocrx_word' id='word_1_182' title='bbox 534 3210 614 3276; x_wconf 84' lang='lat' dir='ltr'>Chio</span> <span class='ocrx_word' id='word_1_183' title='bbox 637 3211 750 3274; x_wconf 86' lang='lat' dir='ltr'>solvite</span> <span class='ocrx_word' id='word_1_184' title='bbox 774 3210 876 3274; x_wconf 84' lang='lat' dir='ltr'>vinela</span> <span class='ocrx_word' id='word_1_185' title='bbox 898 3211 986 3274; x_wconf 83' lang='lat' dir='ltr'>cado.</span> 
     </span>
     <span class='ocr_line' id='line_1_32' title="bbox 264 3291 1088 3359; baseline 0.002 -2"><span class='ocrx_word' id='word_1_186' title='bbox 264 3291 350 3357; x_wconf 83' lang='lat' dir='ltr'>Vina</span> <span class='ocrx_word' id='word_1_187' title='bbox 372 3293 455 3356; x_wconf 89' lang='lat' dir='ltr'>diem</span> <span class='ocrx_word' id='word_1_188' title='bbox 480 3294 655 3358; x_wconf 87' lang='lat' dir='ltr'>eelebrent:</span> <span class='ocrx_word' id='word_1_189' title='bbox 677 3315 744 3357; x_wconf 91' lang='lat' dir='ltr'>non</span> <span class='ocrx_word' id='word_1_190' title='bbox 766 3296 848 3359; x_wconf 82' lang='lat' dir='ltr'>festa</span> <span class='ocrx_word' id='word_1_191' title='bbox 868 3294 939 3359; x_wconf 88' lang='lat' dir='ltr'>luce</span> <span class='ocrx_word' id='word_1_192' title='bbox 961 3295 1088 3359; x_wconf 89' lang='lat' dir='ltr'>madere</span> 
     </span>
     <span class='ocr_line' id='line_1_33' title="bbox 216 3375 1055 3461; baseline 0.005 -23"><span class='ocrx_word' id='word_1_193' title='bbox 216 3390 251 3438; x_wconf 78' lang='lat'>30</span> <span class='ocrx_word' id='word_1_194' title='bbox 307 3375 368 3440; x_wconf 78' lang='lat' dir='ltr'>Est</span> <span class='ocrx_word' id='word_1_195' title='bbox 389 3376 501 3457; x_wconf 84' lang='lat' dir='ltr'>rubor,</span> <span class='ocrx_word' id='word_1_196' title='bbox 525 3380 665 3440; x_wconf 86' lang='lat' dir='ltr'>errantes</span> <span class='ocrx_word' id='word_1_197' title='bbox 688 3379 720 3439; x_wconf 83' lang='lat' dir='ltr'>et</span> <span class='ocrx_word' id='word_1_198' title='bbox 741 3378 824 3442; x_wconf 91' lang='lat' dir='ltr'>male</span> <span class='ocrx_word' id='word_1_199' title='bbox 845 3379 927 3442; x_wconf 86' lang='lat' dir='ltr'>ferre</span> <span class='ocrx_word' id='word_1_200' title='bbox 948 3378 1055 3461; x_wconf 87' lang='lat' dir='ltr'>pedes.</span> 
     </span>
     <span class='ocr_line' id='line_1_34' title="bbox 265 3457 1155 3545; baseline -0.001 -21"><span class='ocrx_word' id='word_1_201' title='bbox 265 3459 328 3524; x_wconf 80' lang='lat' dir='ltr'>Sed</span> <span class='ocrx_word' id='word_1_202' title='bbox 343 3459 441 3522; x_wconf 75' lang='lat' dir='ltr'>‘bene</span> <span class='ocrx_word' id='word_1_203' title='bbox 453 3457 654 3522; x_wconf 85' lang='lat' dir='ltr'>Messallam&#39;</span> <span class='ocrx_word' id='word_1_204' title='bbox 668 3479 726 3522; x_wconf 88' lang='lat' dir='ltr'>sua</span> <span class='ocrx_word' id='word_1_205' title='bbox 740 3462 872 3544; x_wconf 90' lang='lat' dir='ltr'>quisque</span> <span class='ocrx_word' id='word_1_206' title='bbox 888 3460 928 3525; x_wconf 85' lang='lat' dir='ltr'>ad</span> <span class='ocrx_word' id='word_1_207' title='bbox 942 3463 1059 3545; x_wconf 87' lang='lat' dir='ltr'>poeula</span> <span class='ocrx_word' id='word_1_208' title='bbox 1072 3461 1155 3544; x_wconf 72' lang='lat' dir='ltr'>deal,</span> 
     </span>
    </p>
   </div>
   <div class='ocr_carea' id='block_1_5' title="bbox 0 0 1238 4036">
    <p class='ocr_par' dir='ltr' id='par_1_9' title="bbox 0 0 1238 4036">
     <span class='ocr_line' id='line_1_35' title="bbox 0 0 1238 4036; baseline 0 0"><span class='ocrx_word' id='word_1_209' title='bbox 0 0 1238 4036; x_wconf 95' lang='lat' dir='ltr'> </span> 
     </span>
    </p>
   </div>
  </div>
 </body>
</html>
