2464 4020
172 235 235 284 xlv
546 219 760 278 PRAEFATIO.
853 285 861 304 ·

173 395 274 468 aperte
295 392 432 451 feruntur
457 389 593 450 mendosi
622 391 778 466 spongiam
806 387 1003 449 adhibendam
1022 407 1142 451 censeo.

172 476 320 551 Pleraque
336 476 416 534 enim
431 475 531 534 omnia
544 474 619 534 vitia
632 475 665 532 in
676 473 830 550 -Propertii
845 474 1024 536 carminibus
1039 493 1141 534 emen·

173 560 271 619 dando
290 559 438 618 tollenda:
461 559 547 634 siqua
566 560 681 619 restent
701 559 839 634 graviora
859 576 949 633 quam
962 560 998 618 ut
1010 557 1143 618 humana

173 662 228 720 ope
254 644 371 719 possint
392 644 505 716 sanari,
534 643 617 718 ipsae
645 645 747 703 tamen
775 643 918 719 reliquiae
947 644 1142 718 quantumvis

172 730 285 788 lacerae
301 730 332 787 et
344 728 521 804 depravatae
533 725 739 786 demonstrant
748 727 853 802 peritis
865 729 896 786 et
909 729 995 803 quasi
1009 727 1145 786 clamant

173 814 282 874 summi
304 815 423 888 poetae,
443 829 504 870 non
524 810 691 870 scholastici
713 812 812 870 nescio
833 812 916 870 cuius
932 807 998 888 (qui
1012 830 1077 872 11111
1091 829 1143 888 po·

171 899 232 956 tuit
252 897 318 956 fieri
338 897 411 971 quin
433 894 533 956 Ovidii
552 895 721 956 imitatione
739 894 912 972 proditurus
931 913 962 956 se
983 891 1093 973 fuerit)
1110 914 1143 952 ea

139 1047 143 1056 ,
173 1000 237 1042 1111
256 981 457 1041 monumenta.
486 979 532 1038 Ac
556 997 625 1038 sane
648 997 710 1039 non
729 982 797 1054 plus
817 981 960 1054 quattuor
979 998 1086 1039 versus
1107 997 1143 1038 er

172 1068 267 1141 ipsius
287 1065 349 1123 fere
371 1061 454 1123 Sexti
473 1062 558 1123 libris
580 1064 751 1140 importune
770 1064 914 1140 repetitos
929 1063 1016 1123 obelo
1034 1066 1142 1124 notare

172 1167 220 1208 me
234 1167 368 1207 memmr.

237 1232 430 1308 Singulorum
445 1232 610 1292 carminum
623 1231 760 1308 legitima
770 1231 947 1308 disponendi
962 1231 1058 1306 spatia
1073 1249 1140 1290 cum

174 1320 221 1378 sat
240 1317 377 1391 exiguam
396 1316 429 1374 in
447 1313 502 1374 hac
524 1317 608 1390 parte
628 1315 819 1391 Neapolitani
840 1315 911 1374 libri
930 1316 1139 1387 auctoritatem

173 1419 237 1460 esse
267 1418 356 1474 supra
384 1398 539 1459 iudicarim
569 1398 726 1459 arbitrium
760 1401 938 1475 plerumque
966 1417 1139 1460 eoncessum

172 1484 343 1545 lectoribus.

238 1568 475 1629 Traiectionibus
495 1559 636 1628 versuum
655 1568 787 1643 primum
806 1568 887 1628 inter
905 1567 1023 1628 11111111
1047 1567 1138 1628 Scali-

173 1671 280 1731 gerum
300 1673 388 1712 usum
409 1671 473 1712 esse
494 1654 624 1725 constat,
646 1669 721 1728 quae
737 1670 772 1710 ex
786 1670 895 1728 magna
908 1654 993 1727 parte
1007 1653 1137 1727 ineptae,

173 1741 252 1798 certe
266 1739 466 1814 importunae,
488 1739 589 1795 tamen
609 1735 646 1794 ad
660 1736 825 1796 Burmanni
845 1737 969 1796 minoris
982 1755 1077 1812 usque
1092 1754 1137 1795 ae-

172 1824 268 1882 tatum
287 1823 320 1880 in
341 1819 523 1880 editionibus
536 1820 719 1879 Batavorum
737 1820 905 1894 haeserunt,
926 1822 1063 1896 quamvis
1078 1821 1139 1896 pri-

173 1908 242 1966 dem
256 1907 420 1981 expulisset
430 1904 567 1980 Vulpius.
599 1903 662 1964 Nos
677 1907 822 1980 quantum
837 1905 874 1964 ab
887 1905 975 1965 huius
990 1907 1022 1964 ct
1035 1923 1137 1965 eorum

175 1992 226 2066 qui
242 1991 336 2050 secuti
351 1992 423 2050 sunt
436 2007 505 2048 aum
516 1989 719 2048 recentissimo
735 1991 869 2064 tempore
884 1984 1065 2062 temeritate,
1074 1993 1137 2048 tan·

172 2079 238 2134 tum
258 2075 428 2149 putavimus
448 2073 645 2132 recedendum
664 2073 700 2131 ab
722 2074 764 2132 eis
785 2073 838 2148 qui
861 2073 937 2132 nihil
957 2077 1138 2133 venerantur

173 2159 232 2216 nisi
251 2158 343 2217 libros
364 2159 501 2233 scriptos.
532 2157 672 2216 Ceterum
687 2175 755 2215 cum
769 2158 890 2216 omnino
905 2157 1036 2216 difficilis
1051 2159 1093 2218 sit
1106 2174 1137 2215 ac

173 2241 287 2301 lubrica
308 2241 447 2315 aleasque
467 2242 557 2316 plena
576 2242 659 2301 crisis
675 2240 879 2317 Propertiana,
894 2243 959 2300 tum
973 2242 1064 2318 longe
1080 2243 1136 2318 api-

172 2324 329 2385 nosissima
343 2324 445 2382 existit
457 2325 593 2398 quaestio
608 2326 644 2384 de
658 2325 793 2386 versibus
807 2326 1051 2400 transponendis,
1072 2345 1136 2402 par-

173 2411 230 2468 tim
244 2409 282 2468 ob
297 2409 412 2467 tantam
424 2407 624 2466 subsidiorum
640 2409 810 2469 criticorum
824 2411 1011 2484 tenuitatem,
1027 2412 1138 2485 partim

173 2493 243 2569 quia
268 2493 352 2551 utin
374 2491 510 2551 omnibus
533 2492 713 2553 carminibus
734 2495 777 2552 ita
795 2494 922 2554 maxime
946 2495 979 2553 in
998 2495 1138 2571 elegiacis

174 2580 275 2637 amant
289 2577 447 2652 aliquando
461 2577 641 2652 interrumpi
655 2579 819 2637 sententiae
835 2578 1070 2655 digressionibus
1084 2595 1138 2638 neo

174 2663 238 2721 fere
252 2663 333 2720 recta
347 2662 396 2720 via
411 2660 463 2720 secl
483 2661 569 2736 quasi
582 2680 637 2737 per
650 2662 780 2724 salebras
794 2663 940 2722 incedere.
972 2662 1069 2733 Quare
1085 2663 1137 2721 fel-

172 2747 288 2820 lentur,
310 2746 343 2806 in
356 2745 514 2821 Propertio
528 2746 579 2821 qni
600 2746 700 2806 omnia
713 2746 751 2804 ad
765 2748 967 2808 severissimas
981 2747 1137 2808 ratiocina-

172 2831 264 2892 tionis
279 2831 393 2908 logicae
407 2849 527 2890 normas
541 2847 660 2891 moroso
675 2833 830 2906 exegerint
842 2831 962 2891 iudicio.

231 2916 295 2987 Qua
309 2914 455 2991 scriptura
470 2914 562 2974 1111111
575 2917 711 2974 exaratus
726 2914 904 2992 archetypus
919 2915 971 2974 diu
984 2915 1058 2974 mihi
1072 2935 1137 2992 per-

173 3002 318 3060 scrutanti
338 3018 399 3060 non
419 2999 514 3077 magis
534 2999 666 3075 reperire
687 2999 814 3076 configit
834 3019 923 3074 quam
938 3003 1012 3075 quot
1026 3000 1140 3060 fuerint

173 3083 205 3140 in
220 3083 345 3158 singulis
360 3085 476 3160 paginis
491 3102 604 3144 versus.
628 3084 777 3154 Quaedam
792 3083 855 3144 sinc
871 3084 961 3143 dubio
975 3085 1050 3143 vitia
1065 3103 1138 3160 quae

174 3166 370 3225 observantur
383 3167 453 3226 inN
467 3170 516 3228 vel
531 3167 557 3228 (1
572 3168 768 3228 adhaeserunt
783 3187 819 3226 111
834 3169 981 3244 scriptura
995 3169 1138 3244 quadrata

173 3251 222 3310 vel
242 3249 351 3308 unciali
371 3251 455 3309 velut
476 3251 614 3325 1111‚24‚
633 3255 672 3312 10
691 3255 846 3328 1111111111
862 3254 962 3321 clame,
977 3251 1014 3327 V,
1033 3257 1081 3327 11,
1098 3255 1139 3313 30

173 3351 245 3394 aera
263 3351 318 3408 pro
333 3331 422 3404 Afra,
445 3335 472 3406 7,
489 3334 529 3392 45
552 3336 641 3395 tolcae
662 3354 716 3412 pro
730 3336 851 3411 Lotape,
870 3337 910 3395 ib.
929 3339 977 3409 10,
994 3338 1034 3397 42
1056 3355 1139 3398 eneae

172 3436 228 3492 pro
241 3433 341 3492 paean,
355 3417 396 3475 ib.
406 3419 433 3488 1,
448 3418 486 3475 61
500 3419 604 3492 pingat
614 3438 668 3493 pro
679 3423 785 3496 cingat,
800 3423 831 3478 et
845 3420 1001 3496 aliquando
1015 3427 1028 3479 t
1040 3422 1138 3496 posita

173 3519 228 3574 pro
242 3504 263 3562 i.
290 3500 448 3560 Praeterea
463 3499 569 3559 horum
584 3502 717 3562 codicum
731 3505 912 3568 testimoniis
926 3503 1095 3565 declaratur
1108 3507 1138 3566 iu
