2470 4010
68 195 73 206 '
160 215 230 282 ,52
593 217 745 274 carran
1054 217 1139 288 [mu

254 382 366 458 Qualia
388 380 445 444 sub
468 380 575 445 densis
597 401 755 444 ramorum
778 381 921 445 concinit
941 380 1057 444 umbris

296 465 425 530 Daulias
448 466 608 548 absumpti
630 465 696 528 fata
716 486 848 550 gemens
869 464 977 549 Itylei)
1001 503 1039 514 -

206 564 237 614 15
253 549 315 615 Sed
336 551 445 614 tamen
460 550 494 612 in
508 551 607 613 tantis
622 549 833 630 maeroribus,
857 548 979 632 Ortale,
1001 549 1089 612 mitto

295 633 384 698 Haec
405 655 555 717 expressa
576 634 636 697 tibi
658 633 799 697 carmina
818 632 999 716 Battiadae,

252 717 304 783 Ne
324 719 381 782 tua
401 717 486 782 dicta
507 718 596 802 vagis
619 718 810 800 nequiquam
832 717 952 782 credita
972 717 1071 781 ventis

296 801 467 866 Effluxisse
489 823 560 866 meo
583 801 666 865 forte
687 804 780 884 putes
802 801 925 883 animo,

253 886 299 951 Vt
319 886 452 949 missum
474 886 584 969 sponsi
605 885 723 950 furtivo
744 907 874 950 munere
895 886 1015 950 malum
1041 960 1043 966 y

204 985 238 1034 20
294 971 456 1034 Procurrit
478 973 565 1034 casto
588 970 721 1054 virginis
744 992 761 1033 e
782 971 921 1054 gremi0,

254 1052 346 1130 Quod
367 1054 499 1118 miserae
521 1054 638 1118 oblitae
660 1053 751 1117 molli
773 1055 832 1118 sub
854 1058 940 1118 veste
962 1054 1108 1134 locatum,

297 1139 383 1203 Dum
406 1139 543 1202 adventu
564 1138 674 1202 matris
697 1139 838 1221 prosilit,
862 1137 1033 1202 excutitur:

253 1226 283 1287 A
320 1243 359 1286 ue
381 1222 460 1286 illud
481 1243 583 1306 prono
604 1244 756 1318 praeceps
778 1223 883 1308 agitur
905 1221 1050 1304 decursu,

329 1307 379 1372 uic
401 1311 510 1371 manat
531 1307 617 1370 uisu
639 1306 785 1371 conscius
808 1328 861 1371 ore
883 1307 990 1371 rubor.

597 1437 747 1446 ——-——-

606 1521 737 1615 orvi,

255 1644 371 1710 Omnia
392 1644 445 1728 qui
467 1644 577 1728 magni
600 1644 737 1727 dispexit
758 1643 880 1708 lumina
900 1643 1027 1724 mundi,

298 1729 359 1804 Qui
381 1730 544 1794 stellarum
566 1731 654 1792 ortus
676 1729 831 1812 comperit
852 1731 945 1810 atque
968 1729 1086 1810 obitus,

253 1814 434 1880 Flammeus
455 1816 492 1878 ut
512 1813 615 1896 rapidi
637 1812 713 1876 solis
735 1813 822 1877 nitor
841 1813 1042 1895 obscuretur,

296 1898 342 1963 Vt
363 1900 478 1963 cedant
498 1899 592 1962 certis
616 1897 718 1961 sidera
739 1897 935 1981 temporibus
942 1945 952 1980 ,

223 1981 300 2046 5Vt
321 1981 461 2046 Triviam
483 1983 593 2046 furtim
616 1982 674 2045 sub
696 1980 820 2045 Latmia
842 2003 917 2046 saxa
937 1981 1080 2066 relegans

296 2065 407 2129 Dulcis
430 2087 519 2130 amor
540 2087 619 2152 gyro
643 2066 773 2130 devocet
795 2065 894 2147 aerio,

255 2149 343 2214 Idem
366 2171 418 2212 me
439 2150 493 2213 ille
516 2149 629 2215 Conon
652 2151 779 2215 caelesti
801 2151 836 2213 in
857 2150 978 2214 lumine
999 2149 1078 2212 vidit

297 2232 325 2296 Ε
348 2231 522 2297 Beroniceo
545 2236 662 2298 vertice
684 2235 853 2299 caesariem

256 2317 448 2402 Fulgentem
471 2319 568 2400 clare,
592 2341 685 2402 quam
708 2320 830 2383 cunctis
853 2319 908 2382 illa
930 2318 1060 2382 deorum

208 2414 240 2464 10
297 2400 393 2466 Levia
413 2402 606 2486 protendens
629 2401 759 2467 brachia
780 2403 971 2486 pollicitust,

257 2485 327 2561 Qua
347 2508 403 2550 rex
425 2489 613 2571 tempestate
636 2509 719 2551 novo
743 2490 852 2552 auctus
874 2486 1051 2570 hymenaeo

297 2569 467 2636 Vastatum
488 2571 561 2637 finis
582 2573 683 2636 iverat
704 2572 868 2655 Assyrios,

255 2653 369 2720 Dulcia
390 2660 564 2721 nocturnae
586 2659 717 2740 portans
738 2657 874 2741 vestigia
895 2656 997 2739 rixae,

299 2741 400 2817 Quam
423 2741 461 2805 de
484 2741 635 2826 virgineis
657 2743 800 2838 gesserat
821 2741 948 2805 exuviis

207 2835 239 2887 15
253 2825 354 2891 Estne
375 2825 467 2890 noris
489 2847 534 2890 nu
556 2826 599 2889 tis
621 2826 693 2889 odro
716 2824 836 2890 venus?
859 2847 941 2890 anne
962 2827 1128 2908 parentum

297 2911 503 2975 Frustrantur
524 2847 613 2973 ltlsis
636 2909 753 2995 gaudia
773 2909 945 2973 lacrimulis
951 2958 960 2992 ,

256 2993 402 3058 Vbertim
423 2995 558 3060 thalami
579 3015 657 3078 quas
678 2993 763 3058 intra
784 2994 905 3058 lumina
925 2993 1086 3058 fundunt?

297 3077 388 3160 Non,
410 3080 456 3141 ita
477 3101 528 3143 me
550 3078 629 3162 divi,
652 3100 726 3143 vera
747 3083 893 3164 gemunt,
917 3077 1042 3142 iuerint.

256 3159 295 3224 Id
317 3181 387 3224 mea
408 3183 459 3225 me
480 3163 590 3226 multis
613 3163 721 3227 docuit
741 3163 853 3247 regina
874 3162 1023 3246 querellis

207 3257 241 3306 20
297 3243 459 3308 Invisente
479 3267 563 3309 novo
586 3248 705 3329 praelia
726 3251 817 3311 torva
838 3246 914 3311 viro.

255 3329 310 3392 An
330 3331 366 3391 tu
387 3349 454 3390 non
476 3329 587 3392 orbum
609 3331 690 3395 luxti
711 3331 834 3396 deserta
857 3331 974 3414 cubile,

300 3410 362 3474 Sed
382 3411 489 3473 fratris
512 3413 576 3475 cari
593 3412 698 3479 flebile
721 3415 910 3479 discidium?

257 3494 359 3569 Quam
380 3494 507 3576 penitus
529 3500 664 3560 maestas
686 3499 809 3563 excedit
831 3522 905 3564 cura
926 3499 1098 3568 medullas!
