2486 4010
58 243 140 312 rm]
458 241 566 296 amna
587 243 650 299 1111.

60 403 144 468 Tela
166 401 183 466 f
227 401 292 466 acis
315 402 390 486 equi
413 405 445 467 ct
465 403 588 468 bracati
609 402 721 468 militis
743 426 835 470 arcus

104 487 154 552 Et
174 509 212 551 su
233 489 284 550 ter
306 490 419 572 captos
441 509 531 552 arma
552 488 661 554 sedere
683 488 789 553 duces.

61 572 141 656 Ipsa
156 574 244 636 tuam
259 592 351 635 serva
365 572 505 655 prolem,
520 571 645 638 Venus:
668 573 731 638 hoc
746 574 838 638 sitin
852 595 979 659 aevum,

108 655 222 720 Cernis
245 655 286 718 ab
308 655 421 720 Aenea
443 655 529 742 quod
550 679 715 741 superesse
737 660 842 741 caput.
1002 671 1036 722 20

64 740 191 805 Praeda
212 740 255 804 sit
276 739 356 804 haec
377 741 459 824 illis,
482 763 616 826 quorum
638 763 780 807 meruere
802 742 944 807 labores:

107 824 164 889 Me
185 826 236 889 sat
257 825 320 889 erit
340 823 438 890 Sacra
457 825 609 910 plaudere
630 847 726 911 posse
747 825 818 892 Via

67 1161 161 1227 Pacis
183 1161 286 1226 Amor
308 1160 385 1226 (leus
408 1165 466 1246 est,
489 1184 601 1246 pacem
627 1184 816 1228 veneramur
839 1167 992 1230 amantes.

110 1247 207 1312 Stant
227 1245 309 1310 milri
331 1267 403 1312 cum
426 1247 556 1312 domina
577 1248 700 1332 proelia
723 1250 802 1314 dura
823 1271 908 1315 mea:

68 1331 139 1398 Neo
161 1334 273 1396 tamen
294 1331 398 1395 inviso
420 1335 532 1416 pectus
555 1333 634 1397 mihi
657 1336 796 1418 carpitur
818 1356 909 1418 auro,

109 1415 182 1482 Nec
203 1415 286 1480 bibit
307 1437 325 1478 e
346 1437 475 1501 gemma
495 1417 592 1482 divite
614 1421 724 1482 nostra
746 1420 832 1502 sitis,

69 1501 138 1567 Nec
159 1499 241 1564 mihi
261 1501 351 1564 mille
372 1501 457 1586 iugis
481 1499 657 1586 Campania
678 1502 807 1586 pinguis
830 1505 953 1586 aratur,
1021 1513 1037 1563 5

110 1585 182 1650 Nec
203 1585 301 1649 miser
322 1607 396 1649 aera
417 1607 495 1668 paro
518 1587 622 1669 clade,
646 1584 816 1668 Corintho,
838 1589 904 1650 tua.

71 1669 97 1734 Ο
119 1670 225 1752 prima
245 1669 358 1734 infelix
378 1670 515 1754 fingenti
536 1674 621 1735 terra
642 1669 851 1734 Prometheo!

110 1753 173 1818 llle
193 1773 306 1838 parum
329 1755 415 1818 cauti
436 1755 575 1838 pectoris
597 1755 666 1840 egit
687 1776 782 1852 opus:

71 1836 217 1922 Corpora
238 1838 412 1922 disponens
434 1842 575 1903 mentem
596 1861 664 1904 non
684 1839 765 1902 vidit
785 1839 821 1902 in
843 1841 920 1902 arte.

3 1965 4 2012 t
110 1923 214 1987 Recta
235 1923 335 1987 animi
355 1923 494 2007 primum
517 1924 625 1988 debuit
647 1945 716 1988 esse
737 1923 798 1987 via.
1006 1934 1038 1984 10

3 2033 4 2078 t
69 2008 168 2073 Nunc
188 2007 286 2072 maris
308 2009 344 2071 in
364 2011 491 2072 tantum
511 2012 609 2072 vento
630 2009 801 2091 iactamur,
824 2009 857 2070 et
877 2004 1003 2070 hostem

3 2095 4 2172 ᾗ
113 2091 319 2174 Quaerimus,
342 2095 436 2176 atque
459 2093 555 2157 armis
575 2093 735 2157 nectimus
757 2112 845 2156 arma
866 2111 959 2156 nora.

70 2176 161 2241 Haut
182 2177 263 2241 ullas
285 2176 429 2260 portabis
451 2199 527 2261 opes
550 2176 743 2242 Acherontis
765 2177 806 2240 ad
827 2175 946 2242 undas:

3 2251 4 2292 ¹
111 2260 227 2326 Nudus
250 2260 290 2325 ad
311 2261 468 2345 infernas,
491 2261 601 2344 stulte,
624 2261 739 2326 vehere
760 2264 855 2326 rates.

69 2345 185 2410 Victor
207 2366 278 2411 cum
300 2346 393 2410 victis
415 2347 535 2430 pariter
556 2346 741 2412 miscebitur
761 2346 898 2411 umbris:
1006 2356 1039 2408 ro

112 2429 255 2494 Consule
274 2451 350 2494 cum
371 2430 488 2514 Mario,
512 2435 604 2515 capte
626 2430 795 2518 Iugurtha,
818 2431 919 2495 sedes.

72 2513 179 2597 Lydus
201 2513 353 2578 Dulichio
375 2536 442 2578 non
463 2515 562 2580 distat
584 2515 720 2582 Croesus
743 2517 783 2580 ab
805 2515 875 2578 Iro:

3 2607 4 2610 ’
113 2598 247 2682 Optima
267 2620 369 2681 mom,
390 2599 510 2664 Parcae
533 2621 613 2682 quac
636 2601 725 2664 venit
746 2603 818 2662 acta
840 2599 900 2663 die.

72 2683 124 2748 Mc
147 2683 236 2748 iuvat
255 2683 291 2748 in
311 2685 417 2769 prima
438 2684 574 2747 coluisse
595 2682 753 2747 Helicona
774 2682 904 2746 iuventa

112 2767 343 2852 Musarumque
364 2769 471 2833 choris
493 2767 678 2852 inplicuisse
699 2787 830 2830 manus:
1006 2777 1041 2828 20

72 2851 125 2917 Me
144 2853 234 2916 iurat
256 2856 289 2918 ct
309 2855 412 2918 multo
434 2855 576 2917 mentem
597 2851 717 2916 vincire
739 2851 845 2934 Lyaeo

113 2936 159 3001 Et
182 2939 333 3020 caputia
354 2959 453 3002 verna
477 2959 603 3021 semper
623 2937 741 3000 habere
762 2955 844 2998 rosa.

73 3021 180 3104 Atque
202 3022 258 3085 ubi
280 3022 344 3086 iam
359 3020 518 3087 Venerem
539 3021 646 3106 gravis
668 3019 873 3103 interceperit
894 3020 997 3103 aetas,
1066 3069 1070 3074 .

3 3101 5 3124 ²
115 3105 277 3189 Sparserit
298 3109 332 3170 et
351 3107 460 3192 nigras
483 3105 556 3170 alba
578 3107 706 3169 senecta
728 3125 850 3186 comas,

74 3187 155 3253 'lum
176 3189 257 3254 mihi
278 3194 412 3256 nataae
433 3192 532 3255 libeat
552 3189 731 3273 perdiscere
752 3210 874 3272 mores,
1007 3198 1041 3250 25

117 3273 194 3350 Quis
218 3274 294 3340 deus
316 3275 400 3341 hanc
421 3275 533 3340 mundi
554 3276 711 3358 temperet
732 3276 799 3337 arte
822 3273 967 3358 domum,

76 3356 144 3432 Qua
164 3361 254 3424 venit
276 3362 435 3445 exoriens,
460 3382 521 3444 qua
543 3359 664 3442 deficit,
690 3358 775 3423 unde
797 3361 916 3424 coactis

117 3441 277 3509 Cornibus
299 3447 334 3510 in
355 3446 485 3529 plenum
507 3447 671 3510 menstrua
692 3444 769 3509 luna
790 3443 890 3525 redit,

77 3523 168 3594 Vnde
191 3530 259 3595 salo
282 3533 435 3614 superant
455 3531 559 3615 venti,
584 3529 660 3614 quid
681 3529 809 3593 flamine
833 3527 940 3656 captet
979 3613 981 3616 Ι

855 3630 870 3678 5
