2444 4056
177 218 265 266 XXVI
558 199 781 257 PRAEFATIO.

171 373 377 450 pertinebant,
394 368 549 446 Cybelen?
578 369 767 441 Exciderant,
788 372 869 443 puto,
891 367 961 440 illis,
984 370 1034 444 qni
1050 369 1145 426 Lach-

177 457 279 516 manni
294 457 492 514 coniecturam
506 454 679 528 probarunt,
696 471 770 526 quae
784 453 927 527 legimtur
942 454 991 524 64,
1010 455 1143 528 189sqq.

220 541 282 598 Neo
296 541 379 615 prius
395 539 504 597 afesso
520 536 659 595 secedent
673 554 796 610 corpore
812 555 924 606 sensus,

221 625 315 695 Quam
329 624 438 682 iustam
453 641 472 681 o
486 623 560 680 diois
573 638 728 694 exposcam
742 619 859 694 prodita
873 621 1012 695 multam,

221 708 432 780 scelestamque
446 705 535 763 fidem
550 707 873 780 postremaconprecer
886 704 967 761 hora.

221 793 316 862 Quare
331 793 409 849 facta
422 790 521 848 virum
535 789 697 846 multantes
711 786 827 846 vindice
842 805 952 862 poena,

218 877 406 941 Mmcatdes,
421 905 462 913 -

219 961 285 1018 Huc
299 961 355 1015 huc
371 957 537 1027 adventata
553 974 634 1014 meas
650 954 749 1012 audite
764 957 908 1030 querelas.

177 1047 208 1103 et
243 1061 310 1100 orro
862 1090 866 1100 .

220 1064 279 1184 gad
294 1125 374 1200 quali
390 1126 484 1182 solam
500 1123 630 1182 Theseus
645 1140 693 1180 me
708 1125 807 1180 mente
822 1123 951 1197 reliquit,

221 1209 286 1266 Tali
301 1211 409 1280 mente,
425 1209 502 1275 deae,
516 1207 650 1267 funestet
664 1224 752 1281 seque
767 1225 902 1280 suosque.

261 1293 315 1351 His
330 1291 501 1368 praemissis
516 1291 587 1365 quid
603 1289 683 1348 aliud
703 1290 766 1348 fore
781 1291 941 1364 exspectes,
957 1290 1015 1349 nisi
1029 1291 1144 1368 utiam

176 1376 356 1436 Eumenides
376 1374 562 1447 inducantur,
585 1374 636 1433 sed
656 1374 688 1432 in
708 1374 765 1430 alia
786 1374 885 1432 omnia
899 1375 961 1432 abit
974 1377 1073 1450 poeta,
1089 1379 1143 1453 qni

177 1461 286 1521 subicit
298 1461 351 1518 illa

331 1543 447 1602 Adnuit
460 1544 571 1604 inuicto
587 1543 738 1602 caelestum
752 1546 872 1602 mimice
887 1549 985 1612 rector,

177 1630 319 1691 nimirum
334 1629 403 1703 quia
417 1628 454 1684 ad
468 1627 570 1686 Iovem
585 1645 763 1701 quamquam
778 1629 864 1685 antea
878 1645 938 1686 non
951 1628 1143 1688 nominatum

178 1714 269 1774 etiam
282 1712 379 1789 magis
393 1730 483 1788 quam
504 1710 540 1768 ad
555 1709 646 1769 furias
661 1711 852 1785 pertinebant
864 1729 964 1785 preces
979 1711 1142 1771 Ariadnae.

240 1797 355 1857 Deinde
376 1797 466 1856 etiam
486 1795 668 1856 monendum
682 1813 844 1870 numquam
859 1795 1032 1870 posterioris
1046 1797 1144 1855 hemi-

178 1882 276 1942 stichii
290 1882 418 1957 primam
434 1881 514 1940 arsin
528 1880 646 1939 resolvi.
676 1877 753 1936 Nam
768 1879 847 1953 quod
867 1878 978 1954 legitur
992 1898 1020 1939 v,
1038 1881 1079 1937 74
1092 1899 1144 1940 ro-

178 1969 234 2024 seis
249 1971 281 2024 ct
295 1967 362 2034 buia
376 1966 486 2023 labellis
499 1965 612 2022 secutas
627 1963 699 2020 obiit
713 1963 792 2030 celer,
806 1963 839 2020 id
852 1961 1034 2020 Lachmanni
1047 1982 1143 2023 nove·

178 2051 244 2106 tum
259 2047 398 2119 arbitri03
419 2064 473 2104 nos
488 2039 633 2120 Heysinm
650 2046 742 2104 secuti
757 2047 927 2121 scripsimus
942 2048 1055 2105 sonitus
1069 2049 1145 2107 celer

179 2132 261 2197 cota,
276 2128 364 2203 idque
379 2130 429 2187 vel
444 2129 481 2186 ob
497 2147 562 2185 eam
577 2147 641 2186 rem
655 2129 847 2204 probabilius,
863 2129 942 2204 qnod
956 2127 1057 2188 addita
1071 2136 1146 2205 post

179 2213 250 2272 ecla
261 2213 295 2269 in
309 2212 392 2269 codd.
405 2213 500 2270 notai
514 2211 697 2286 significatur
711 2213 773 2270 sine
786 2213 875 2272 dubio
889 2213 944 2270 hoe
961 2215 1143 2274 uocabulum

178 2314 240 2356 non
259 2297 382 2353 ultime
404 2295 455 2354 sed
475 2294 589 2352 mediae
610 2295 725 2352 cuidam
745 2297 823 2370 parti
845 2296 935 2356 fuisse
961 2297 1143 2357 addendum.

244 2379 349 2437 Restat
362 2398 391 2437 v.
408 2381 447 2437 91
463 2380 517 2438 dea
531 2397 649 2453 magua
664 2380 718 2438 dea
734 2378 850 2454 Cybebe,
865 2381 919 2438 deo
933 2381 1052 2442 domim
1062 2383 1144 2441 Din-

179 2466 282 2537 dpmec'.
314 2461 373 2520 Sed
387 2480 422 2519 ea
435 2463 527 2521 verba
540 2463 694 2521 verissime
711 2463 758 2521 Sc.
779 2466 894 2520 mutata
909 2465 978 2522 ‘loco
994 2463 1067 2523 dicit
1086 2485 1144 2540 per

180 2548 360 2605 correctores
379 2546 598 2622 legendumque
619 2545 756 2620 Didymei
774 2547 837 2606 sine
857 2565 880 2604 cc
898 2549 934 2604 ut
953 2565 1044 2621 supra
1057 2554 1142 2623 typa-

179 2647 260 2689 ucou.
294 2629 385 2688 Reete
399 2633 434 2688 ut
447 2631 520 2704 puto
535 2630 573 2688 ad
586 2629 661 2688 hanc
675 2630 802 2689 formam
815 2629 970 2688 tutandam
985 2632 1110 2690 affertur
1124 2654 1145 2690 a

181 2714 333 2790 Scaligero
352 2712 498 2772 Martialis
518 2713 594 2771 illud
617 2710 694 2792 [XIL
714 2715 765 2786 43,
783 2709 813 2790 3]
836 2715 933 2786 quoles
952 2731 1004 2772 aec
1017 2715 1143 2790 Didymi

178 2802 275 2859 scium
286 2797 410 2873 paellae.
441 2797 599 2855 Praeterea
619 2798 651 2855 in
673 2796 780 2872 glossis
795 2796 1045 2872 Lugdunensibus
1065 2800 1140 2874 legi-

179 2882 229 2939 tur
250 2878 316 2960 [ms.
337 2883 372 2941 L.
396 2879 483 2941 Voss.
503 2881 538 2939 F.
561 2876 612 2958 82]
634 2881 764 2955 Dadima
790 2898 873 2940 muas
895 2881 1021 2954 Friptoc.
1067 2882 1142 2951 Quis

180 2964 259 3022 enim
273 2966 392 3038 putabit
406 2964 557 3025 Catullum
571 2965 664 3022 semel
678 2965 710 3022 in
725 2964 886 3023 cnldssimo
902 2962 1031 3022 carmine
1046 2965 1140 3022 admi-

180 3049 253 3106 sisse
267 3048 347 3121 quod
360 3051 503 3124 nonagies
516 3050 563 3108 bis
578 3047 724 3108 vitasset?
1035 3051 1037 3056 '

241 3130 282 3188 ib.
303 3149 332 3189 v.
350 3131 368 3187 5
390 3132 505 3190 &vulsit
524 3132 687 3207 Hauptius‚
709 3131 827 3190 devolvit
847 3131 891 3205 V;
911 3133 960 3191 det
981 3131 1140 3208 Bergkius,

179 3215 261 3272 datas
276 3211 320 3287 V3
331 3214 465 3285 pondera
479 3216 556 3273 sc‘b‘cc
570 3214 648 3286 Itali,
659 3216 789 3288 pondera
801 3215 894 3276 silices
901 3215 937 3273 V.
960 3215 1035 3274 Mire
1046 3215 1139 3274 Lach-

179 3315 305 3355 mannus
321 3297 440 3355 devolvit
456 3293 585 3372 (decolstt
604 3301 639 3354 ut
652 3299 813 3357 memoravi
828 3296 989 3374 Hauptins)
1005 3301 1042 3358 ilc
1055 3305 1140 3359 aeaco

178 3381 236 3437 siba·
250 3381 378 3452 pondere
394 3376 504 3453 (rodere
517 3378 680 3455 Hauptius)
700 3381 796 3440 salicis.
828 3382 892 3451 Quo
908 3381 987 3442 enim
1000 3385 1088 3456 pacto
1102 3383 1139 3455 is,

180 3461 231 3534 qui
245 3463 341 3521 eruat
355 3477 428 3532 sese,
443 3463 544 3535 potest
558 3460 614 3517 diei
628 3461 667 3518 ile
683 3463 740 3520 sibi
755 3463 893 3521 demere?
