2470 4010
34 256 223 328 mxuma]
465 253 581 310 niara.

436 418 618 492 XXXVII.

132 543 229 610 Salax
250 541 383 607 taberna
404 562 523 624 vosque
546 541 804 627 contubernales,

131 629 163 692 A
186 626 313 712 pileatis
334 647 421 690 nona
442 625 594 689 fratribus
616 627 696 710 pila,

131 712 217 777 Solis
239 710 361 794 putatis
384 730 452 773 esse
474 709 633 773 mentulas
656 711 761 794 vobis,

133 796 218 861 Solis
239 795 352 877 licere,
374 793 526 878 quidquid
549 797 598 858 cst
618 793 810 877 puellarum,

135 880 331 946 Confutuere
353 879 387 941 et
406 881 518 961 putare
540 881 660 942 eeteros
683 877 812 944 hircos?
998 891 1016 942 t

132 966 203 1046 An,
226 962 427 1026 continenter
449 960 533 1044 quod
555 961 671 1026 sedetis
693 962 807 1028 insulsi

135 1047 273 1113 Centum
294 1068 337 1109 an
358 1045 502 1126 ducenti,
524 1067 592 1110 non
613 1048 732 1130 putatis
754 1069 904 1112 ausurum

133 1131 187 1195 Me
209 1153 274 1194 una
296 1130 447 1194 ducentos
468 1130 629 1194 inmmare
652 1131 814 1196 sessores?

132 1215 234 1299 Atqui
255 1217 379 1298 putate:
401 1235 539 1297 namque
560 1215 659 1278 totius
680 1216 772 1279 vobis

134 1299 288 1364 Frontem
309 1299 461 1362 tabernae
484 1299 705 1382 scorpionibus
727 1301 873 1366 scribam.
982 1314 1016 1363 ιο

133 1383 247 1448 Puella
267 1405 344 1446 nam
365 1383 426 1465 mi,
449 1403 529 1465 quae
551 1405 621 1447 meo
643 1385 715 1448 sinu
736 1385 835 1469 fugit,

131 1469 253 1532 Amata
273 1469 399 1530 tantum
421 1470 576 1550 quantum
598 1469 757 1532 amabitur
778 1470 881 1552 nulla,

130 1552 197 1618 Pro
219 1573 281 1634 qua
303 1549 382 1614 mihi
404 1555 480 1615 sunt
500 1571 619 1636 magua
640 1553 725 1616 bella
746 1557 903 1638 pugnata,

132 1635 291 1702 Consedit
311 1635 393 1700 istic.
423 1634 506 1700 hanc
528 1636 604 1700 boni
626 1637 774 1720 beatique

130 1721 255 1786 Omnes
277 1720 398 1802 amatis,
420 1719 615 1802 etquidem,
637 1721 722 1804 quod
743 1721 955 1806 indignumst,
984 1731 1014 1782 15

131 1805 255 1869 Omnes
276 1804 386 1887 pusilli
409 1806 441 1867 et
463 1803 616 1866 semitarii
637 1803 778 1888 moechi;

130 1889 183 1952 Tu
205 1891 330 1971 praeter
352 1908 462 1951 omnes
484 1908 547 1950 une
569 1887 607 1951 de
630 1888 801 1972 capillatis,

131 1971 348 2038 Cuniculosae
371 1971 561 2036 Celtiberiae
583 1971 629 2036 fili

130 2055 271 2140 Egnati,
294 2077 313 2119 o
337 2077 395 2120 aca
417 2076 511 2138 quem
533 2056 654 2120 bonum
675 2057 754 2121 facit
774 2057 874 2123 barba

128 2139 180 2206 Et
201 2139 278 2204 dens
335 2140 421 2204 'bera
442 2140 613 2206 defricatus
635 2142 736 2206 urina.
982 2154 1017 2204 20

458 2279 611 2292 n—-na-——n

431 2381 630 2454 XXXVIII.

133 2503 269 2586 Malest,
292 2501 458 2586 Cornifici,
480 2506 536 2568 tuo
559 2502 702 2588 Catullo,

130 2587 265 2670 Malest,
287 2609 339 2652 me
360 2587 503 2671 hercule,
527 2590 559 2651 et
580 2591 630 2656 est
650 2588 823 2672 laboriose,

132 2669 182 2736 Et
203 2673 305 2756 magis
327 2673 430 2756 magis
452 2672 487 2734 in
509 2671 576 2735 dies
598 2675 631 2735 et
651 2671 757 2737 horas.

133 2753 239 2829 Quem
259 2761 311 2838 tu,
335 2755 420 2840 quod
441 2755 609 2819 minimum
630 2757 926 2840 facillimumquest,

134 2838 208 2914 Qua
229 2841 348 2906 solatus
372 2861 406 2904 es
428 2840 654 2904 adlocutione?
999 2849 1017 2901 5

132 2923 261 2988 Irascor
281 2924 350 2988 tibi.
380 2923 426 2987 sic
448 2945 536 2988 meos
562 2925 707 2989 amores?

133 3008 273 3072 Paulum
295 3007 371 3092 quid
392 3007 481 3071 lubet
505 3007 731 3092 adlocutionis,

131 3092 291 3157 Maestius
314 3092 454 3156 lacrimis
477 3090 679 3157 Simonideis.

458 3229 612 3240 -·-—

423 3323 642 3398 XXXVIIII.
655 3308 676 3340 '³

129 3449 310 3534 Egnatius,
335 3447 420 3532 quod
442 3447 593 3512 candidos
615 3447 713 3513 habet
734 3449 860 3531 dentes,

130 3533 274 3599 Renidet
294 3553 395 3616 usqua
417 3553 550 3616 quaque.
584 3533 630 3596 sei
652 3532 691 3596 ad
713 3535 760 3596 rei
781 3533 943 3596 ventumst

829 3635 844 3680 2
850 3633 864 3662 2
