2464 4020
194 271 248 320 x11
573 257 787 314 PRAEFATIO.

191 427 272 504 quod
287 425 408 502 quidem
424 429 505 485 recte
521 425 564 485 ita
578 426 698 486 ridetur
712 425 801 485 scribi
819 421 886 504 [III‚
905 426 953 498 13,
970 425 1025 498 25,
1046 421 1121 504 261:

275 548 322 604 sot
335 561 411 613 mea,
426 549 473 604 sot
486 548 632 620 mcpoast,
646 543 673 602 ei
688 547 746 602 tres
759 546 819 602 aiot
828 559 939 618 pornpo
952 543 1056 612 libelli,

277 645 348 702 quos
363 646 413 703 epo
428 627 630 703 Persephonae
645 629 777 687 monimo
790 629 869 688 deoc
882 627 985 700 serum.

191 747 233 808 at
247 745 323 806 illud
338 765 408 808 sane
423 765 511 806 nemo
523 746 647 822 negabit
657 745 847 822 Propertium
863 746 888 806 si
902 746 968 821 ipse
982 745 1089 805 libros
1104 762 1170 804 suos

192 836 311 910 praeter
324 831 455 907 primum
469 830 618 904 edidisset,
639 848 802 905 numquam
816 830 1052 890 commissurum
1068 829 1170 900 fnisse,
1218 846 1219 906 ῃ

192 921 227 976 ut
254 918 286 976 in
312 916 439 975 secundo
464 914 617 975 volumina
642 933 677 973 aa
701 915 794 974 verba
817 916 1001 991 legerentur.
1042 912 1172 974 Accedit

192 1001 272 1078 quod
286 1001 319 1060 in
332 1001 431 1076 priore
446 1002 532 1075 parte
544 998 667 1058 alterius
678 999 750 1058 libri
762 1000 813 1074 qui
826 999 978 1058 ferebatur
993 1002 1069 1060 ante
1077 997 1170 1058 Lach-

192 1103 336 1144 mannum
356 1085 447 1142 etiam
467 1084 539 1142 alias
560 1083 680 1142 lacunas
696 1083 840 1158 deprandi
859 1085 986 1143 constat.
1016 1083 1171 1142 Minuitur

193 1188 264 1230 sane
277 1167 472 1242 probabilitas
486 1166 721 1228 ratiocinationis
737 1168 774 1225 ab
790 1167 894 1227 eodem
908 1168 1072 1226 institutae
1089 1185 1126 1224 ea
1140 1181 1170 1222 re
1219 1187 1220 1204 κ

193 1252 273 1328 quod
294 1249 367 1309 mihi
389 1250 509 1325 quidem
529 1251 617 1326 plane
638 1253 788 1326 persuasit
801 1251 1019 1327 Hertzbergius
1037 1247 1169 1330 [quaest.

192 1335 282 1410 Prop.
304 1329 510 1412 213-223],
538 1335 590 1410 qui
616 1335 747 1410 priscum
774 1335 920 1396 librorum
941 1353 1108 1396 numerum
1124 1350 1166 1390 re·

195 1420 296 1491 tinuit,
312 1419 428 1478 nullum
443 1422 562 1494 praeter
576 1419 708 1494 primum
728 1419 840 1478 librum
862 1419 899 1478 ab
921 1419 987 1494 ipso
1002 1416 1166 1494 Propertio

193 1503 307 1563 editum
329 1500 431 1580 (quem
452 1503 572 1578 quidem
593 1504 683 1562 etiam
704 1506 916 1578 postmortem
937 1507 1045 1578 poetae
1060 1500 1166 1576 singni-
1220 1517 1221 1550 ἕ

194 1589 280 1647 latim
296 1587 412 1662 saepius
427 1589 544 1648 venisse
560 1587 708 1648 Martialis
722 1587 896 1648 testimonio
912 1587 993 1662 quod
1007 1607 1103 1664 supra
1118 1583 1165 1642 ad-

193 1673 289 1731 latum
311 1669 463 1747 apparet),
494 1672 625 1747 reliquos
655 1672 818 1730 amicorum
847 1671 927 1730 euris
949 1671 1064 1746 publici
1093 1667 1167 1727 iuris

193 1757 296 1829 factos,
308 1775 382 1831 qnos
398 1755 556 1831 aliquando
572 1756 604 1814 in
619 1755 790 1832 digerendis
805 1755 988 1815 carminibus
1002 1755 1165 1833 neglegen-

193 1842 285 1901 tiores
300 1841 392 1900 fuisse
407 1842 454 1900 sat
468 1843 594 1900 constat.

259 1941 318 2001 Sed
338 1943 439 2000 tamen
460 1941 540 2000 omni
559 1940 686 2016 pignore
707 1943 808 2016 potest
829 1939 978 1999 adfirmari
999 1944 1080 2000 certe
1102 1937 1163 2016 qui-

193 2026 250 2084 bus
272 2025 424 2099 optinetur
443 2025 519 2084 liber
539 2026 740 2100 paenultimus
762 2025 873 2101 elegias
893 2025 930 2083 ab
950 2026 1015 2099 ipso
1037 2025 1163 2102 Proper·

194 2109 237 2170 tio
257 2108 325 2166 huic
345 2109 436 2168 fuisse
456 2109 592 2168 insertas.
623 2110 700 2168 Nam
719 2110 825 2184 nequis
849 2112 935 2184 putet
955 2110 1084 2186 elegiam
1107 2105 1161 2178 111,

197 2194 235 2252 13
257 2211 294 2249 er
313 2193 486 2267 insequente
501 2195 654 2253 volumine
679 2190 773 2269 (quod
787 2193 891 2252 multis
905 2191 1016 2270 risum)
1032 2194 1065 2254 in
1079 2209 1163 2269 prae

195 2276 301 2335 cedens
321 2276 492 2348 importuno
513 2295 582 2337 casu
604 2279 752 2350 delatam,
775 2297 809 2336 ea
823 2296 854 2336 re
870 2277 1060 2354 prohibetur,
1085 2274 1162 2354 quod

194 2359 325 2419 metricis
346 2359 510 2418 rationibus
531 2362 618 2436 plane
640 2361 774 2436 priorem
796 2361 872 2420 libro
892 2361 971 2435 1111,
998 2363 1049 2437 qui
1070 2361 1161 2420 Lach-

157 2475 159 2481 ·
194 2462 304 2503 manno
322 2443 418 2513 visus,
439 2443 531 2502 fuisse
551 2461 672 2504 carmen
687 2445 765 2504 illud
780 2445 815 2504 fit
827 2445 992 2521 probabile.
1021 2445 1101 2504 Nam
1117 2449 1162 2504 ter

197 2525 237 2607 [v.
255 2528 304 2586 24.
320 2529 370 2586 40.
386 2523 439 2606 48]
456 2528 488 2585 in
507 2529 685 2603 pentametri
699 2529 760 2588 fine
775 2530 903 2588 recurrit
915 2530 1094 2590 vocabulum
1109 2530 1160 2604 hy·

195 2611 446 2688 perdisyllabnm,
473 2631 568 2688 neque
596 2617 767 2672 excusatum
796 2614 872 2672 illud
900 2615 1019 2672 nomine
1041 2613 1161 2690 proprio

194 2698 244 2757 vel
265 2695 392 2770 Grae003
416 2697 496 2772 quod
519 2700 621 2757 contra
641 2696 750 2758 intoto
773 2698 850 2757 libro
865 2701 970 2773 quarto
991 2697 1099 2757 similis
1119 2701 1161 2756 in·

195 2782 361 2859 elegantiae
377 2782 435 2840 duo
450 2813 491 2823 —
505 2789 566 2840 non
581 2784 668 2856 plura
682 2813 723 2823 —
739 2785 876 2856 prostant
896 2783 1031 2856 exempla
1054 2778 1094 2860 [3‚
1113 2783 1160 2841 28.

198 2869 246 2940 19,
266 2862 327 2945 lO].
356 2867 397 2924 Et
417 2865 538 2925 omnino
554 2866 632 2924 huno
646 2867 842 2940 posteriorem
857 2869 992 2942 tempore
1006 2866 1162 2942 magisque

196 2951 380 3010 elaboratum
401 2969 455 3008 nec
475 2949 562 3008 facile
583 2951 619 3008 ab
644 2950 908 3024 interpolatoribus
933 2950 1103 3009 immixtum
1130 2967 1161 3008 ae

195 3035 349 3093 turbatum
366 3035 469 3094 alienis
486 3036 595 3093 clamat
608 3033 674 3108 ipsa
687 3053 829 3093 versuum
844 3053 901 3092 ars.
916 3034 960 3092 At
973 3034 1161 3110 Hertzbergii

196 3120 363 3176 sententiae
378 3119 454 3176 illud
469 3121 559 3192 favet,
581 3119 662 3193 quod
682 3119 796 3194 fugisse
809 3118 1034 3176 Lachmannum
1049 3122 1081 3176 et
1092 3119 1160 3178 reli·

158 3260 168 3274 ,
196 3218 270 3274 quos
286 3201 396 3258 mirum
413 3199 540 3276 (primus
553 3202 672 3262 notavit
689 3199 812 3281 [quaest.
825 3202 914 3276 Prop.
928 3221 978 3278 pg.
992 3197 1044 3280 32]
1060 3201 1160 3260 Haim-

195 3281 352 3359 ratchius),
374 3283 505 3342 Nonium
527 3305 577 3362 pg.
596 3288 654 3345 169
677 3305 700 3345 s.
716 3306 744 3345 v.
765 3286 925 3345 secundare
945 3287 1023 3345 hunc
1043 3305 1161 3346 versum

197 3369 271 3427 ‘iero
286 3368 429 3440 liquidnm
443 3371 544 3426 coctis
555 3387 632 3426 acro
642 3371 781 3430 comodat
791 3370 856 3429 iter'
869 3370 1034 3430 adscribere
1043 3369 1161 3430 disertis

195 3451 295 3510 verbis
315 3451 393 3508 libro
415 3449 475 3521 ΠΙ,
496 3468 564 3508 non¹
577 3451 639 3508 IIII
662 3451 771 3529 (neque
791 3454 871 3512 enim
892 3454 964 3512 alibi
983 3473 1125 3529 umquam
1145 3475 1162 3513 a

196 3534 399 3608 grammaticis
410 3534 442 3590 in
454 3532 610 3592 afferendis
622 3533 708 3596 huius
720 3540 825 3610 poetae
835 3537 935 3598 verbis
946 3540 1067 3598 notatus
1079 3539 1160 3598 voln-
