2464 4020
227 261 265 309 1v
600 247 815 308 PRAEFATIO.

294 417 390 489 Quare
414 415 494 494 quod
518 419 621 476 narrat
639 417 755 476 Plinius
783 417 815 476 in
834 416 971 492 epistulis
994 411 1113 496 [VIIIL
1141 412 1184 494 ll]

230 503 414 562 Passerinum
429 501 577 578 quendam
591 501 739 574 Paullum,
762 520 778 558 a
793 501 962 576 Propertio,
984 501 1144 578 adoptione
1158 505 1185 558 ut

229 589 303 662 puto
329 586 502 659 deductum,
523 586 691 644 trahentem
711 603 805 662 genus
825 586 1001 645 aemulando
1021 587 1183 646 felicissime

231 672 411 748 expressisse
426 672 536 745 scripta
552 671 624 743 eius,
637 688 726 744 quem
741 670 821 728 iuter
830 672 956 730 maiores
972 689 1041 730 suos
1057 689 1182 730 numera-

230 758 287 828 ret,
309 758 361 814 aut
379 773 436 832 ego
456 755 648 814 vehementer
667 754 757 812 fallor
775 756 829 813 aut
842 755 894 813 ille
910 756 1033 814 caritate
1048 755 1134 813 amici
1147 756 1181 812 iu-

232 840 338 899 ductus
358 839 481 900 mirifice
501 839 602 915 lapsus
622 840 669 897 est
690 837 808 897 iudicio.
843 837 921 897 Nam
941 837 1081 897 Paullum
1101 839 1180 897 fuisse

231 924 383 984 hominem
408 923 615 983 scholasticum
639 925 671 980 et
690 921 793 981 simiae
819 941 894 997 quae
921 941 1023 982 omnes
1048 922 1179 992 imitatur,

232 1027 320 1070 nemo
334 1011 436 1067 tamen
449 1009 484 1066 ut
497 1009 601 1082 ipsam,
615 1005 810 1080 simillimum,
824 1007 895 1066 satis
910 1010 1012 1082 aperte
1027 1007 1181 1066 declaratur

232 1093 306 1168 ipsis
319 1093 401 1151 illius
416 1092 515 1152 uerbis
530 1109 605 1166 quae
620 1109 636 1150 e
651 1109 683 1149 re
699 1090 769 1150 duxi
784 1091 907 1166 apponi:
925 1092 973 1150 ‘in
986 1092 1098 1150 litteris
1111 1095 1178 1150 vete·

233 1195 281 1236 res
303 1177 482 1248 aemulatur,
503 1174 652 1251 exprimit,
667 1175 779 1248 reddit,
802 1174 992 1250 Propertium
1014 1176 1195 1252 inprimise-

234 1279 292 1337 quo
313 1277 408 1336 genus
429 1259 519 1318 ducit.
541 1277 637 1335 nuper
657 1259 694 1317 ad
713 1259 807 1334 lyrica
828 1259 962 1334 deflerit,
982 1260 1014 1318 iu
1029 1261 1133 1335 quibus
1146 1259 1179 1316 ita

234 1343 392 1402 Horatium
412 1345 447 1402 ut
465 1343 497 1401 in
517 1343 579 1401 illis
598 1344 685 1402 illum
706 1343 834 1401 alterum
854 1343 999 1420 effingit'.
1029 1343 1106 1402 Nam
1119 1344 1178 1402 Pro·

234 1428 364 1503 peitium
379 1429 447 1503 apte
461 1429 496 1485 ut
508 1426 635 1501 imitere,
651 1427 715 1502 ipse
730 1427 770 1488 sis
786 1431 905 1502 oportet
918 1429 1102 1508 Propertius.

299 1512 422 1572 Saeculo
441 1513 615 1588 insequente
636 1510 786 1587 Propertii
803 1513 987 1573 mentionem
1006 1513 1078 1571 facit
1091 1511 1178 1594 ¹appu·

235 1597 320 1671 leius,
342 1596 500 1656 tersissimi
519 1596 607 1655 homo
622 1596 745 1672 ingenii.
775 1595 844 1656 Mox
859 1599 963 1654 autem·
973 1599 1036 1655 tam
1050 1615 1115 1655 rara
1128 1595 1178 1654 eius

235 1682 387 1752 memoria,
402 1684 438 1739 ut
451 1683 592 1756 appareat
607 1698 668 1739 nou
688 1681 746 1740 nisi
766 1699 859 1741 unum
874 1681 1039 1741 alterumve
1052 1682 1179 1741 lectorem

236 1785 300 1826 esse
320 1772 441 1825 nactum
460 1767 588 1841 poetam.
632 1763 695 1822 Nec
719 1764 891 1841 frequentes
917 1783 987 1826 saue
1009 1762 1179 1842 grammatici

235 1851 336 1910 Latini
356 1851 389 1908 in
401 1850 537 1910 versibus
558 1850 621 1908 eius
642 1849 808 1922 afferendis,
829 1852 860 1908 et
873 1849 993 1926 quidem
1007 1853 1044 1908 ut
1056 1851 1179 1926 appareat

236 1937 393 2012 plerosque
414 1954 473 1994 non
489 1953 524 1993 ex
538 1934 611 2008 ipsis
625 1932 776 2008 Propertii
789 1933 875 1992 libris
890 1953 943 1993 sua
958 1935 1125 2011 sumpsisse,
1139 1929 1179 1990 sed

237 2037 273 2076 ex
295 2021 443 2078 communi
462 2019 515 2077 illo
535 2017 726 2078 scholasticae
746 2017 921 2078 eruditionis
942 2019 1040 2092 fonte,
1062 2019 1112 2095 qui
1130 2033 1178 2075 sae·

237 2103 304 2162 culo
324 2123 353 2178 p.
376 2101 428 2162 Oh.
451 2103 547 2178 primo
569 2101 666 2160 medio
687 2104 835 2176 provenit.
879 2099 1019 2162 Ceterum
1039 2102 1179 2162 Iustiniani

237 2189 333 2246 aetate
354 2188 486 2246 extitisse
507 2189 626 2267 poetam
641 2185 801 2258 Graecum,
822 2186 961 2246 Paullum
981 2187 1177 2252 Silentiariun,

237 2269 289 2346 qui
302 2269 381 2328 haud
395 2271 437 2328 ita
450 2289 518 2330 raro
532 2271 701 2330 imitaretur
715 2269 905 2346 Propertium
919 2273 989 2347 post
1002 2271 1177 2332 Husohlrium.

237 2354 475 2430 quamprimum
498 2373 533 2412 ea
557 2373 606 2414 res
632 2354 775 2428 advertit,
803 2355 956 2416 contendit
982 2353 1179 2430 Hertzbergius

237 2441 351 2516 quaest.
367 2436 456 2513 Prop.
471 2455 523 2513 pg;
539 2439 609 2497 230.
639 2439 742 2516 Neque
761 2439 852 2500 habet
871 2441 947 2499 illud
966 2459 1021 2516 per
1041 2460 1073 2500 se
1087 2459 1135 2499 cur
1147 2435 1179 2494 ri·

237 2523 344 2582 deutur
358 2543 374 2580 a
389 2522 445 2580 fide
461 2523 600 2581 alienum.
629 2521 707 2582 Nam
722 2527 754 2583 et
767 2525 912 2584 Martialis
933 2524 1107 2584 ultimorum
1120 2527 1179 2581 tem·

237 2626 344 2683 porum
361 2606 512 2668 Graeculis
527 2623 614 2683 saepe
629 2605 687 2666 fuit
700 2610 845 2685 exemplo.
871 2609 936 2668 Iam
949 2627 1037 2669 nemo
1053 2611 1119 2686 post
1131 2622 1180 2666 sae-

238 2693 338 2752 culum
358 2695 474 2752 sextum
493 2709 548 2768 per
567 2691 698 2752 medium
713 2712 819 2753 aevum
834 2695 934 2752 extitit
947 2693 999 2769 qui
1014 2691 1182 2754 meminisset

238 2777 397 2854 Propertii.
426 2777 500 2837 Eius
521 2781 620 2836 autem
641 2777 804 2837 carminum
826 2777 917 2838 codex
936 2778 1056 2838 videtur
1076 2796 1135 2838 esse
1147 2776 1182 2832 iu·

238 2866 346 2924 ventus
362 2864 458 2922 aetate
472 2862 577 2921 Frena
589 2861 745 2922 Petrarcae
760 2862 859 2923 medio
874 2863 936 2922 fere
951 2863 1031 2922 iuter
1043 2860 1146 2923 cauli
1159 2859 1183 2914 et

240 2947 353 3006 Tibulli
374 2947 505 3007 earmina
531 2948 703 3023 recuperate
727 2947 871 3022 temporis
897 2948 1067 3007 intervallo.
1110 2943 1182 3004 Certe

238 3030 379 3092 Petraroa
397 3032 502 3091 habuit
521 3031 711 3108 Propertium
739 3033 852 3107 pariter
881 3033 969 3108 atque
991 3031 1136 3092 Catullum
1158 3027 1183 3083 in

238 3113 426 3175 bibliotheca.
457 3115 502 3174 Ex
517 3135 574 3191 qua
589 3119 624 3175 ut
637 3117 772 3192 exempla
785 3117 892 3176 horum
906 3118 1064 3192 poetarum
1078 3115 1130 3175 sibi
1143 3111 1181 3168 de·

241 3194 444 3259 scriberentur
458 3219 535 3258 auno
554 3201 634 3260 1374
648 3201 737 3276 petiit
752 3199 916 3260 Coluocius.
948 3199 993 3260 Oi.
1009 3219 1084 3277 quae
1097 3199 1181 3268 Haup-

239 3282 300 3340 tius
320 3283 353 3340 in
373 3284 445 3342 actis
468 3285 617 3343 societatis
638 3285 801 3344 litterariae
824 3285 985 3346 Saronicus
1005 3290 1074 3345 aute
1088 3285 1135 3343 hos
1148 3279 1181 3338 vi·

241 3366 318 3440 giuti
333 3385 426 3424 anuos
441 3365 528 3424 editis
544 3367 684 3426 disseruit
697 3389 748 3444 pg.
765 3369 825 3428 257
841 3389 905 3444 sqq.
935 3370 1004 3429 Mox
1020 3371 1118 3428 eadem
1132 3382 1181 3423 car·

241 3449 322 3508 mina
341 3467 358 3506 a
377 3447 513 3522 plurimis
535 3465 602 3506 cum
623 3469 731 3526 magna
746 3453 906 3528 cupiditate
922 3454 1071 3528 descripte
1085 3449 1183 3512 suntet

241 3534 276 3588 ut
289 3549 354 3590 mos
369 3533 433 3588 erat
446 3529 507 3588 illis
523 3532 707 3605 temporibus
722 3537 833 3608 passim
847 3537 1035 3611 interpolata.
1059 3536 1182 3596 Ceterum
