2468 4036
422 201 635 259 PRAEFATIO.
912 217 1000 264 xxx1

99 370 195 429 Elisio
214 370 322 445 longae
341 369 375 428 in
393 370 484 429 tertia
503 371 567 429 sive
589 371 647 430 arsi
669 389 721 430 seu
739 371 817 431 thesi
830 368 1000 433 'hexametri

27 456 135 529 nulla3
151 473 217 512 eam
230 454 330 530 legem
344 454 437 513 semel
448 455 597 514 inversam
608 454 757 520 inveneris
771 457 803 515 in
814 457 908 516 altera
921 458 999 518 thesi

28 539 218 615 pentametri
235 533 270 616 [1,
286 538 315 611 2,
332 533 385 617 58]

191 621 303 681 omnia:
320 621 357 680 de
371 639 416 682 me
430 641 489 682 uno
505 622 615 681 sentiet
627 623 691 698 ipse
706 623 789 682 nihil.

32 707 97 765 Sed
125 707 158 766 in
186 707 291 781 quinto
320 706 469 782 semipede
498 706 630 766 eiusdem
658 725 762 768 versus
786 709 998 784 synaloepham

31 808 254 866 quamcumque
269 789 387 849 admitti
400 790 494 850 nefas.

98 875 208 933 Hiatus
228 874 396 950 exemplum
410 893 503 933 unum
517 873 684 948 invenitur,
706 875 785 950 quod
800 894 852 934 our
865 893 997 937 remove·

31 977 100 1017 rem
114 977 178 1018 non
190 958 291 1018 inveni
308 952 343 1036 [1,
360 959 388 1032 5,
405 953 458 1037 33]

121 1045 284 1102 attentum
298 1045 438 1124 venerata
451 1045 557 1110 ciram,
571 1041 649 1102 hunc
663 1043 766 1102 sedula
780 1047 872 1103 curet.

32 1127 199 1202 Neglectae
220 1126 296 1203 legis
317 1128 453 1203 eiusque
468 1129 597 1200 cavetur,
611 1145 649 1186 ne
665 1126 739 1186 duae
754 1145 899 1188 consonae
914 1147 996 1205 prae-

32 1215 83 1268 ter
102 1214 218 1269 mutam
238 1229 305 1270 cnm
325 1211 439 1287 liquida
458 1211 606 1286 excipiant
624 1211 746 1272 breuem
773 1211 893 1272 finalem
912 1213 998 1274 uerbi

32 1295 241 1374 praecedentis
261 1298 382 1370 excepto
401 1295 454 1354 ubi
472 1295 548 1354 nihil
567 1294 693 1355 interest
712 1314 747 1354 ea
767 1297 945 1372 corripiatur
959 1317 997 1358 an

33 1380 227 1454 producatur,
237 1379 326 1438 huius
339 1381 462 1454 inquam
477 1380 552 1456 legis
566 1379 719 1456 neglectae
733 1382 924 1455 reperiuntur
938 1381 996 1440 duo

34 1465 173 1538 exempla
193 1465 225 1522 in
244 1463 388 1523 vocabulo
407 1463 536 1538 quodam
558 1461 670 1522 Graeco
685 1481 779 1540 eoque
793 1464 895 1540 inepto
910 1465 998 1524 aliter

34 1551 133 1607 metro
154 1548 300 1623 dactylico
321 1550 359 1711 et]
373 1547 493 1623 quidem
519 1547 625 1606 ultime
649 1550 735 1622 parte
759 1565 863 1608 uersus
886 1548 1000 1610 heroici-

35 1628 72 1710 [1,
92 1635 121 1705 l,
139 1632 189 1690 51.
205 1631 244 1704 Π,
261 1633 291 1704 4,
307 1633 346 1690 27

121 1735 139 1774 o
153 1718 328 1791 quantumst
342 1717 406 1774 auri
419 1716 519 1792 potius
532 1719 688 1792 pereatque
701 1719 851 1793 smaragdi

120 1819 138 1858 o
153 1804 257 1877 pereat
269 1801 447 1876 quicumque
462 1800 537 1877 legit
550 1801 715 1876 viridesque
728 1803 905 1876 aaaroydos.

97 1885 152 1944 Bis
167 1885 256 1944 etiam
270 1885 496 1959 productionem
509 1884 601 1944 habes
614 1883 714 1944 brevis
732 1881 767 1963 [1,
784 1887 812 1960 5,
829 1887 879 1946 28.
896 1887 924 1960 6,
941 1882 994 1964 34]

120 1987 176 2044 pro
191 1974 290 2044 segete
303 1971 407 2043 spicas,
423 1987 477 2044 pro
492 1987 583 2044 grege
598 1968 676 2027 ferre
692 1969 807 2044 dapem.

119 2060 249 2122 servare,
262 2053 376 2124 frustra
390 2053 481 2113 claris
494 2053 574 2113 inest
587 2053 711 2112 foribus.

96 2137 204 2197 Brevis
224 2137 320 2196 finalis
335 2138 478 2213 producta
491 2138 524 2195 in
543 2138 713 2196 hexametro
727 2137 758 2196 vi
773 2155 910 2198 caesurae
924 2157 994 2214 pen-

35 2221 220 2282 themimeris
241 2219 314 2299 (nou
329 2219 428 2298 aliter)
450 2221 528 2296 apud
549 2221 702 2280 Tibullum
721 2224 872 2299 reperitur
891 2226 996 2300 quater

39 2302 72 2384 [1,
88 2309 121 2380 4,
138 2308 188 2364 27.
206 2309 254 2379 10,
272 2307 320 2365 13.
335 2305 376 2379 ΙΙ,
393 2306 422 2381 2,
439 2307 468 2364 5.
483 2305 554 2378 ΠΠ,
572 2307 600 2379 2,
617 2302 647 2385 3]

120 2393 151 2449 et
165 2391 191 2449 si
205 2391 308 2449 tardus
323 2393 388 2458 erra,
404 2391 517 2450 errabis
531 2391 657 2450 transiet
670 2395 751 2450 aetas

121 2493 200 2534 nuno
214 2475 251 2533 ad
266 2475 347 2534 bella
360 2475 461 2534 tratur
475 2477 506 2533 et
519 2475 579 2533 iam
592 2475 657 2550 quis
673 2475 802 2535 forsitan
817 2475 911 2535 hostis

121 2560 185 2635 ipsc
200 2577 269 2618 suos
281 2560 386 2635 penius
400 2558 479 2618 adsit
491 2559 610 2618 visurus
624 2559 750 2618 honores

119 2644 174 2702 hoc
188 2641 285 2703 Venus
300 2646 443 2718 maceret:
464 2645 495 2701 at
508 2645 552 2715 tu,
567 2644 708 2716 violente,
725 2644 836 2701 caveto.

95 2727 181 2786 Nihil
195 2727 308 2787 faciunt
322 2728 359 2786 ad
373 2728 448 2786 hanc
462 2727 665 2803 quaestionem
680 2737 754 2802 quae
770 2727 909 2786 mendose
925 2727 994 2786 sori-

34 2814 83 2886 pu
98 2812 247 2872 habentur
260 2811 351 2890 vulgo
366 2812 390 2886 1,
407 2813 437 2884 4,
450 2813 500 2870 44.
518 2813 546 2885 7,
560 2813 608 2870 cr.
625 2810 665 2884 11,
684 2814 711 2885 1,
728 2813 777 2871 aa.
795 2813 823 2884 a,
840 2810 891 2869 14.
903 2811 933 2885 4,
944 2811 994 2871 aa.
