2492 4022
85 229 277 298 nxnvnu]
506 227 674 284 PRIAPEA.

498 391 677 466 LXXVII.

112 523 118 528 “
191 524 283 601 Quod
305 523 367 588 sim
386 523 452 587 iam
474 524 580 588 senior
600 544 768 607 meumque
790 524 878 588 canis

191 609 273 674 Cum
294 608 394 673 barba
415 611 512 691 caput
532 607 650 672 albicel
672 607 810 691 capillis,

190 692 358 756 Inmanem
380 690 579 756 stomachum
601 689 681 756 mihi
703 691 808 774 cistis,
1054 705 1071 754 5

191 775 253 851 Qui
275 775 406 840 densam
426 775 531 840 facilis
553 775 687 840 subinde
708 796 851 860 saepem,
1055 790 1071 838 o

190 861 235 925 ,ut
256 860 342 924 fures
360 857 541 944 prohibetis
561 859 625 923 huc
647 859 743 924 adire.
1054 873 1070 920 7

1054 956 1071 1004 3

1054 1125 1071 1174 8

190 943 374 1092 ξιοῶτθηεοε
397 965 457 1040 ego
480 943 641 1027 perforare
662 965 793 1027 possum

222 1028 228 1041 '
269 1049 366 1093 onum
387 1025 611 1110 Pnamumque
631 1026 871 1112 Nestoremque.

190 1111 264 1178 Hoc
286 1114 335 1176 est
356 1112 495 1194 laedere,
518 1110 593 1176 dum
615 1111 744 1196 iuvalis3
769 1111 832 1176 hoe
853 1114 902 1176 est

189 1196 268 1262 Non
288 1195 454 1262 admittere
477 1195 516 1260 ad
538 1207 692 1279 aucupem
713 1195 866 1262 volucres.

191 1280 395 1345 Obstruolasl
414 1280 480 1364 via,
502 1301 562 1345 nee
584 1279 660 1346 lieet
680 1281 816 1345 iacenti-
1039 1294 1071 1346 ιο

189 1364 317 1430 Iactura
337 1365 422 1428 natis
445 1364 572 1448 expiare
595 1363 730 1448 culpam.

190 1447 279 1534 Ergo
302 1448 357 1530 qui
378 1447 466 1532 prius
488 1469 587 1531 usque
610 1450 643 1512 et
663 1469 700 1512 us
723 1469 763 1512 ue
785 1453 817 1513 et
839 1470 937 1534 usque

189 1531 309 1598 Funum
332 1531 475 1597 scindere
496 1532 625 1616 podices
648 1470 805 1617 soliliam,

190 1615 252 1682 Per
273 1619 384 1682 noctes
407 1617 527 1700 aliquot
548 1616 677 1700 diesque
700 1638 798 1682 cesso.

189 1699 314 1766 Poenas
336 1699 377 1764 do
399 1721 541 1785 quoque,
563 1702 641 1783 quot
662 1701 738 1764 satis
761 1705 961 1784 superquesl,
1037 1713 1069 1763 15

189 1783 231 1849 In
252 1805 422 1868 semenque
445 1785 541 1864 abeo,
564 1784 712 1866 salaxque
735 1784 911 1868 quondam,

188 1868 286 1934 Nune
307 1868 406 1934 vitam
450 1889 546 1953 erago
569 1905 610 1916 -
633 1869 703 1950 quis
724 1867 787 1932 hoc
808 1869 956 1952 pularel?
978 1905 1021 1917 -·

188 1951 235 2017 vt
256 1952 361 2017 elusus
383 1953 412 2018 ci
450 1951 585 2017 aroedus
607 1951 829 2018 abalinentem.

189 2037 236 2100 Al
255 2055 329 2120 vos,
350 2057 391 2102 ne
413 2058 541 2120 peream
564 2037 629 2101 situ
649 2036 757 2119 senili,

190 2119 331 2202 Quaeso,
354 2120 489 2186 desinite
511 2141 580 2186 esse
601 2120 787 2217 diligentes,
1035 2134 1069 2184 ao

188 2202 280 2269 Neve
301 2204 447 2288 inponite
468 2204 600 2270 fibulam
621 2204 747 2288 Pnap0.

511 2362 663 2381 ——V-‘··

489 2462 700 2594 osum

187 2603 234 2666 Al
255 2601 288 2666 di
309 2603 448 2686 deaeque
469 2602 618 2667 dentibus
639 2603 703 2667 tuis
725 2625 829 2668 eseam

186 2685 333 2771 Negent,
356 2687 477 2751 amictu
500 2687 685 2771 ounnilinge
706 2687 845 2770 vicinae,
967 2681 983 2738 ⁸.»-

187 2768 249 2833 Per
270 2791 365 2854 quem
385 2771 493 2854 puella
513 2771 608 2836 fortis
630 2774 704 2834 ante
724 2793 783 2836 neo
805 2770 941 2836 mendax

185 2852 232 2917 El
253 2875 333 2936 quae
355 2855 478 2918 solebai
500 2855 627 2938 inpigro
651 2854 734 2919 celer
755 2877 850 2938 passu

185 2937 239 3000 Ad
260 2959 320 3002 nos
342 2939 465 3022 venire,
488 2959 574 3002 nunc
596 2938 720 3002 misella
740 2939 883 3003 landieae
1048 2949 1066 3000 5

185 3019 250 3086 Vix
271 3041 366 3105 posse
387 3022 472 3087 iurat
494 3021 655 3086 ambulare
676 3043 753 3106 prae
773 3022 877 3087 fossis.

507 3178 659 3188 ——n—

473 3289 686 3365 LXXVHH.

182 3375 313 3503 Piiape,
337 3421 422 3504 quod
444 3424 489 3485 sis
511 3421 633 3485 fascino
656 3422 761 3506 gravis
784 3425 888 3504 lenio,

184 3503 277 3580 Quod
300 3505 503 3588 exprobravit
525 3504 578 3569 hic
600 3505 660 3569 tibi
683 3526 739 3570 suo
762 3527 855 3569 versu

874 3603 912 3654 8*
