2468 4036
279 15 339 22 -ψ-
437 22 440 25 .
460 19 536 26 -.
611 23 772 30 -—-—.—
854 27 976 36 —.——

434 41 437 48 ι

21 296 92 364 1.]
369 359 370 362 q
465 293 629 350 1111111.
978 287 1019 352 31

88 457 186 521 Illius
210 456 373 520 1111101111
395 456 468 540 lege
490 455 641 520 colendus
663 456 774 521 Amor.

30 542 138 618 Quin
161 540 258 604 etiam
280 541 377 604 sedes
392 541 501 604 iubeat
521 541 549 604 si
571 538 707 605 vendere
729 541 845 624 avitas,

88 626 143 690 Ite
166 625 227 688 sub
249 625 419 709 imperium
441 625 500 688 sub
522 624 651 688 titulum
674 645 713 689 ue
752 625 859 690 Lares.

35 708 215 792 Quidquid
236 708 333 774 habet
356 707 461 792 Circe,
484 646 693 792 quidquidlil

92 793 258 876 Quidquid
281 797 313 856 et
333 793 503 857 herbarum
525 793 679 858 Thessala
699 797 785 858 11111
805 796 903 878 gerit,

36 879 95 943 Et
107 877 205 962 qnod,
215 877 270 941 ubi
281 877 446 941 indomitis
457 879 609 964 gregibus
620 878 731 943 Venus
743 879 839 943 adflat
854 900 986 962 amores,

93 962 317 1046 Hippomanes
340 963 470 1045 cupidae
493 963 596 1026 stillat
617 963 657 1026 ab
679 963 811 1048 inguine
833 985 945 1048 equae,

42 1046 86 1112 Si
109 1047 207 1110 modo
230 1067 282 1110 me
325 1047 428 1110 lacido
451 1046 558 1112 videat
578 1047 726 1112 Nemesis
747 1070 819 1112 mea
839 1049 945 1132 vultu,

94 1130 187 1196 Mille
210 1130 288 1194 11111
303 1069 424 1194 herbas
446 1133 578 1196 misceat
598 1132 670 1217 illa,
692 1132 810 1197 bibam.
985 1145 1022 1196 60

461 1271 614 1281 -—-

695 671 771 773 edea
792 711 921 794 veneni,
985 723 1026 774 55.

515 1346 559 1420 V.

48 1467 196 1551 Phoebe,
206 1469 294 1535 fave:
306 1487 408 1534 novus
419 1469 598 1555 ingreditur
608 1473 664 1534 tua
673 1472 793 1554 templa
804 1471 965 1536 sacerdos:

96 1553 170 1617 Huo
192 1575 252 1638 ege
275 1575 347 1618 cum
369 1554 492 1619 cithara
513 1555 768 1639 carminibusque
789 1557 872 1620 veni.

50 1636 151 1702 Nunc
173 1640 205 1702 te
227 1639 353 1703 vocales
374 1639 527 1723 inpellere
548 1639 664 1722 pollice
686 1638 835 1721 chordas,

95 1721 192 1786 Nunc
213 1744 328 1806 precor
349 1722 389 1788 ad
409 1723 519 1787 laudes
541 1723 667 1787 flectere
688 1723 786 1787 verba
806 1745 886 1787 mea.

51 1805 128 1888 Ipse
149 1806 337 1890 triumphali
358 1808 522 1871 devinctus
544 1810 689 1890 tempora
709 1808 814 1890 lauro,
1002 1819 1019 1868 5

96 1890 183 1954 Dum
205 1892 478 1975 11111111111111111,
502 1891 541 1955 ad
562 1895 619 1955 tua
641 1913 731 1955 sacra
752 1893 834 1955 veni.

53 1973 117 2039 Sed
139 1975 262 2039 nitidus
284 1977 478 2061 pulcherque
499 1977 588 2040 veni:
610 1997 696 2040 nunc
717 1976 813 2040 indue
834 1979 955 2040 vestem

97 2057 294 2143 Sepositam,
319 2061 433 2145 longas
454 2061 642 2124 nunc-bene
663 2063 756 2143 pecte
777 2081 898 2144 comas,

55 2141 188 2217 Qualem
208 2149 241 2208 te
263 2147 442 2209 memorant
463 2144 599 2210 Saturno
622 2166 697 2229 rege
718 2144 830 2229 fugato

95 2227 221 2292 Victori
243 2229 353 2293 laudes
376 2229 575 2293 concinuisse
596 2229 674 2293 Iovi.
765 2257 769 2260 ·
986 2243 1020 2291 10

56 2311 104 2377 Tu
124 2314 237 2395 procul
258 2316 409 2377 eventura
430 2312 535 2397 rides,
557 2313 617 2377 tibi
639 2313 763 2378 deditus
785 2335 887 2399 augur

98 2395 165 2461 Scit
184 2398 266 2462 bene
288 2397 364 2480 quid
385 2397 445 2462 fati
465 2398 599 2482 provida
620 2401 727 2462 cantet
748 2400 830 2483 avis,

56 2479 166 2564 Tuque
186 2482 272 2566 regis
295 2486 412 2566 sortes,
435 2504 493 2566 per
513 2485 546 2546 te
567 2484 744 2566 praesentit
765 2505 914 2567 aruspex,

96 2565 233 2630 Lubrica
255 2566 394 2650 signavit
415 2588 488 2631 cum
509 2568 586 2631 deus
609 2572 681 2632 11111
701 2569 801 2632 notis:
1118 2629 1127 2640 ,

57 2647 100 2712 'lb
122 2650 200 2714 duce
222 2649 385 2714 Romanos
406 2673 580 2735 numquam
601 2653 754 2716 frustrata
775 2651 912 2734 Sibylla,
986 2663 1018 2712 15

97 2733 217 2798 Abdita
238 2757 318 2818 quae
340 2734 426 2798 senis
447 2735 515 2798 fata
537 2737 625 2800 canit
645 2736 793 2818 pedibus!

58 2815 199 2902 Phoebe,
221 2839 328 2885 111111
350 2819 559 2884 Messalinum
580 2821 649 2884 sine
670 2822 726 2882 tan
751 2840 802 2882 ere
824 2817 948 2882 chartas

96 2902 206 2986 Vatis,
230 2904 351 2987 etipse
372 2925 486 2987 precor
507 2905 583 2987 quid
605 2906 701 2968 canat
721 2842 776 2966 illa
798 2903 886 2966 doce.

58 2982 143 3051 Haec
159 2987 247 3051 dedit
261 2988 390 3052 Aeneae
406 2991 524 3070 sortes,
538 2990 709 3071 postquam
724 2988 778 3051 ille
792 2989 957 3070 parentem

96 3071 223 3136 Dicitur
245 3075 277 3135 11
296 3076 405 3156 reptos
428 3073 616 3137 sustinuisse
638 3071 749 3155 Lares3
984 3083 1019 3133 10

59 3151 122 3220 Nec
142 3157 213 3220 fore
232 3156 381 3221 credebat
395 3157 546 3240 Romam,
570 3178 642 3221 cum
663 3157 803 3220 maestus
825 3155 866 3219 ab
888 3155 953 3220 alto

96 3239 181 3305 Ilion
203 3241 350 3306 ardentes
372 3243 605 3327 respiceretque
628 3241 713 3305 deos.

61 3321 223 3405 (Romulus
247 3329 393 3390 aeternae
414 3326 557 3391 nondum
578 3326 758 3390 firmaverat
778 3326 865 3390 urbis

96 3407 238 3494 Moenia,
262 3411 403 3474 consorti
423 3431 490 3475 non
511 3411 684 3476 habitanda
705 3410 822 3492 Reme,

60 3487 117 3556 Sed
138 3499 214 3558 tunc
236 3495 411 3578 pascebant
431 3495 569 3560 herbosa
589 3494 714 3559 Palatia
734 3515 848 3558 vaccae
983 3503 1018 3552 25

96 3575 139 3642 Et
160 3579 288 3644 stabant
309 3579 446 3644 humiles
468 3581 503 3644 in
523 3579 609 3644 Iovis
631 3601 703 3644 arce
726 3599 825 3644 casae.
