2470 4010
212 249 257 312 64
622 249 779 314 curvum
1023 247 1168 319 [mrum.
1225 169 1228 318 t

276 415 380 497 Mule,
402 413 485 478 nihil
507 413 616 478 sentis,
646 414 674 476 si
695 413 799 478 nostri
820 412 920 476 oblita
941 415 1074 493 taceret,
1226 419 1228 470 1

320 497 406 562 Sana
428 501 526 562 esset:
548 519 634 561 nune
657 497 743 581 quod
763 497 880 582 gannit
902 500 935 560 et
956 495 1145 578 obloquitur,
1227 495 1228 526 ³

245 581 353 646 oNon
368 582 472 646 solum
486 583 647 664 meminit,
669 580 725 646 sed
740 603 820 664 quae
834 581 936 644 multo
953 581 1055 644 aerior
1067 582 1114 644 est
1125 599 1169 642 res

320 666 448 732 Iratast.
479 665 551 732 Hoo
574 671 639 749 est,
662 666 766 729 uritur
788 669 820 729 et
842 665 998 748 coquitur.

620 796 772 806 —-———

586 879 803 952 uxxnnn.
821 826 856 878 u

278 1001 478 1070 Chommoda
499 1000 640 1084 dicebat,
662 1003 690 1066 si
712 1003 839 1085 quando
861 1001 1030 1066 commoda
1049 1001 1141 1066 vellet

321 1086 450 1168 Diome,
473 1089 506 1149 et
525 1086 659 1150 insidias
681 1087 795 1151 Arrius
817 1085 989 1165 hinsidiaS,

278 1169 324 1238 Et
344 1175 413 1234 tum
434 1170 567 1234 mirifice
589 1171 739 1254 sperabat
760 1192 794 1235 se
816 1191 884 1236 esse
906 1171 1072 1255 locutum„

323 1253 405 1320 Cum
426 1257 581 1337 quantum
601 1257 729 1338 poterat
750 1254 872 1318 dixerat
891 1253 1055 1318 hinsidias.

246 1337 400 1422 oCred0‚
424 1339 469 1402 sio
491 1342 606 1421 mater,
629 1339 675 1402 siu
696 1337 792 1402 Liber
814 1339 986 1404 avonculus
1009 1339 1090 1420 eim,

323 1422 376 1488 Sic
397 1426 559 1488 maternus
581 1444 658 1488 avos
680 1422 803 1487 dixerat
823 1427 918 1508 atque
940 1423 1019 1486 avia.

280 1506 353 1572 Hoo
375 1507 473 1571 misso
495 1507 531 1572 in
552 1505 677 1590 Syriam
697 1528 732 1571 re
756 1508 880 1572 uierant
907 1506 1053 1572 omnibus
1074 1525 1170 1572 aurea

323 1591 489 1656 Audibant
511 1591 620 1656 eadem
641 1591 720 1656 haeo
734 1529 857 1656 (ieniter
879 1595 911 1656 et
933 1591 1058 1674 leviter,

281 1675 351 1742 Nee
373 1676 433 1740 sibi
454 1677 585 1760 postilla
605 1675 791 1740 metuebant
812 1676 890 1740 talia
909 1675 1019 1771 verba!

233 1774 268 1827 10
325 1760 406 1826 Cum
429 1761 534 1824 subito
558 1759 698 1823 adfertur
719 1761 850 1825 nuntius
872 1759 1049 1840 horribihS‚

282 1845 392 1910 Ionios
412 1846 543 1927 fluetus,
566 1847 736 1927 postquam
757 1845 833 1907 illuc
856 1845 968 1906 Arrius
989 1844 1081 1926 isset,

324 1929 392 1993 lam
414 1950 481 1993 non
502 1927 609 1993 Ionios
632 1949 715 2011 esse,
738 1927 794 1992 sed
816 1927 963 1992 Hionios.

354 2121 357 2127 '
399 2143 402 2148 ·
519 2132 522 2140 ·
592 2120 815 2215 axinus

281 2262 345 2329 Odi
367 2266 400 2327 et
421 2283 502 2328 amo.
531 2286 627 2347 quare
649 2264 682 2330 id
703 2264 832 2348 faciam,
855 2265 990 2328 fortasse
1011 2263 1150 2350 requiris.

324 2346 457 2432 Nescio,
479 2347 536 2412 sed
556 2347 625 2412 fieri
646 2349 750 2413 sentio
773 2353 805 2412 et
827 2349 998 2415 excrucior.

626 2481 777 2490 uon-m—

602 2535 799 2638 txxxvr.

284 2684 415 2762 Quintia
435 2686 608 2755 formosast
628 2686 754 2770 multis,
777 2686 856 2750 mihi
879 2685 1027 2768 eandida,
1050 2687 1157 2770 longa,

327 2769 466 2836 Rectast.
495 2770 575 2836 haee
597 2791 657 2856 ego
681 2771 726 2835 sio
749 2770 876 2855 singula
897 2771 1066 2854 confiteor,

284 2855 402 2920 Totum
424 2854 503 2918 illud
524 2855 664 2919 formosa
684 2875 785 2940 nego:
812 2875 888 2918 nam
908 2855 997 2919 nulla
1017 2855 1161 2920 venustas
1166 2895 1174 2930 ,

327 2940 425 3006 Nulla
446 2940 481 3004 in
501 2941 569 3003 tam
590 2942 741 3024 magnost
763 2959 894 3023 corpore
916 2940 999 3005 miea
1020 2939 1104 3002 salis.

252 3021 400 3088 oLesbia
421 3024 609 3108 formosast,
637 3044 717 3107 quae
740 3045 812 3088 eum
833 3022 1047 3107 pulcherrima
1067 3021 1174 3100 totast,
1223 3103 1224 3106 Ἴ

327 3105 409 3170 Tum
431 3110 578 3173 omnibus
600 3129 664 3172 una
686 3129 795 3171 omnes
818 3108 970 3192 surripuit
990 3105 1137 3172 Veneres.
1222 3121 1224 3166 r

592 3321 805 3395 LXXXVII.

283 3440 383 3508 Nulla
403 3443 511 3526 potest
532 3443 646 3506 mulier
667 3448 791 3509 tantum
814 3466 847 3509 se
869 3443 973 3509 dicere
995 3445 1131 3508 amatam
1221 3449 1223 3474 ³

327 3525 426 3608 Vere,
450 3529 604 3608 quantum
627 3548 646 3590 a
666 3549 717 3592 me
740 3527 854 3594 Lesbia
876 3532 981 3594 amata
1001 3527 1109 3593 mea's.
