2468 4036
465 227 677 286 PRAEFATIO.
966 243 1053 292 xm

77 385 183 458 semel
204 394 257 456 sed
277 394 414 471 legitima
435 413 502 454 cum
517 395 706 456 excusatione
720 415 791 457 usus
806 402 909 459 auctor
922 419 1054 478 panegy-

78 483 141 542 rici
157 480 195 540 ad
210 479 382 540 Messallam
399 474 484 557 [IIIL
503 481 530 552 1,
549 475 620 558 168]

217 565 366 639 temperat
381 563 458 622 alter
473 566 505 622 et
520 563 643 624 alterius
664 561 668 643 Ι
687 565 766 625 vires
781 570 867 626 necat
880 587 940 628 aar.

152 649 216 708 Nee
231 649 349 723 saepius
360 647 497 722 quintam
511 648 648 707 adhibuit
661 649 741 708 idem
756 652 888 726 carmini,
904 651 1054 730 duplicato

81 732 229 810 equidem
243 732 365 792 nomine
380 732 503 807 proprio
521 727 585 811 [11]

174 815 366 892 Erigoneque
382 813 538 890 Canisque,
554 819 646 892 neget
664 813 669 896 Ι
688 835 726 876 ne
741 818 860 894 longior
874 822 964 880 aetas.

155 899 215 958 Sed
235 902 361 975 utraque
376 899 549 976 Lygdamus
564 919 687 976 prorsus
702 901 862 977 abstinuit3
883 921 938 963 nec
958 906 1054 980 magis

82 986 160 1044 illae
175 985 207 1043 in
220 985 320 1059 quarti
335 983 406 1042 libri
420 983 610 1058 reperiuntur
625 985 729 1061 elegis.
759 984 901 1046 Ceterum
917 987 1054 1048 Tibullus

83 1087 159 1128 eum
174 1069 235 1128 suis
250 1086 317 1126 cum
337 1066 439 1142 paullo
454 1068 694 1144 neglegentiores
709 1073 809 1129 essent
823 1072 900 1130 circa
913 1072 1055 1146 hephthe·

84 1152 246 1225 mimano,
266 1170 302 1211 ea
321 1153 424 1210 temen
444 1171 477 1211 re
496 1153 583 1211 valde
602 1152 758 1227 laudandi,
778 1154 858 1229 quod
877 1157 998 1215 omnino
1018 1175 1055 1215 ex

85 1235 273 1298 carminibus
287 1235 437 1295 exclusere
452 1233 553 1312 τομὴν
568 1233 647 1298 κατὰ
661 1233 769 1312 τρίτον
783 1237 947 1314 τροχαῖον.

154 1319 316 1380 Praeterea
343 1321 499 1380 amonuit
526 1321 733 1382 Lachmannus
755 1321 944 1399 Lygdamum
968 1340 1053 1382 num·

87 1423 182 1482 quam
196 1407 266 1480 post
278 1399 419 1480 qu'ertum
434 1403 606 1464 trochaeum
619 1405 705 1465 finire
719 1407 853 1480 verbum,
865 1427 955 1484 quam
970 1427 1053 1484 pree·

87 1491 151 1550 isse
166 1489 193 1547 ei
207 1505 344 1548 normam
352 1487 504 1548 Catullum
518 1489 648 1549 carmine
664 1491 704 1550 64
719 1491 1053 1566 observavitHauptius.

156 1572 348 1644 Quantumad
355 1572 511 1648 rhythmos
518 1573 682 1632 hexametri
691 1575 835 1632 memoria
843 1574 967 1650 dignum
978 1575 1055 1633 illud

89 1676 255 1733 numquam
274 1656 343 1718 sede
364 1657 493 1716 secunda
512 1658 676 1716 hexametri
695 1657 911 1733 pentameteive
926 1659 1055 1718 inveniri

89 1741 269 1802 vocabulum
284 1740 472 1818 dactylicum,
483 1759 523 1800 ne
537 1741 633 1800 dicam
647 1741 840 1817 spondiacum
854 1741 892 1801 ed
906 1741 981 1802 hene
996 1742 1054 1802 for·

91 1843 187 1885 mem:

220 1911 252 1970 et
265 1909 292 1970 si
305 1908 416 1986 frigida
430 1927 511 1968 mors
526 1910 625 1968 anima
639 1908 790 1968 seduxerit
803 1910 939 1970 umbram

220 2013 238 2052 a
251 1993 350 2067 miser,
366 1995 418 2055 etei
431 1995 498 2068 quis
512 1993 609 2070 primo
623 1994 754 2069 periuria
769 1994 854 2053 oelet.
1003 2065 1005 2071 ι

91 2079 137 2140 At
162 2079 240 2138 circa
262 2077 352 2138 finem
378 2079 596 2138 observantiae
609 2096 734 2138 evenere
759 2079 846 2138 tales.
884 2077 1055 2155 Numquam

91 2164 170 2224 sexti
190 2161 275 2238 pedis
299 2181 346 2222 ars
365 2162 496 2222 violatur
515 2163 624 2222 iniecto
639 2163 846 2240 monosyllabo
860 2160 1056 2240 praecedente

91 2247 287 2324 polysyllabo
301 2249 336 2305 ut
349 2249 422 2322 puta
437 2247 479 2306 eie

221 2349 310 2407 quam
325 2331 400 2390 bene
416 2329 546 2390 Saturno
559 2329 702 2391 virebant
716 2349 796 2409 rege,
812 2332 895 2409 prius
909 2351 1007 2408 quarn.

159 2414 245 2486 Quod
265 2417 369 2475 contra
389 2415 487 2490 quinis
508 2416 652 2492 exemplis
672 2417 744 2476 libri
762 2417 779 2475 1
798 2419 830 2475 et
848 2415 880 2476 11
900 2417 1001 2476 evenit
1020 2417 1056 2474 ut

89 2500 199 2576 quinta
218 2517 287 2576 pars
307 2499 487 2558 formaretur
500 2499 644 2560 vocabulo
663 2500 847 2577 pyrrichieoo
861 2501 1056 2576 praecedente

12 2607 18 2614 ·
93 2577 253 2748 spondiafc'o
273 2584 335 2644 sive
355 2583 542 2659 anapaestico
564 2579 605 2663 [1,
628 2586 662 2657 6,
684 2587 711 2642 1.
734 2587 784 2644 63.
810 2584 856 2658 Π,
877 2585 912 2658 4,
933 2585 984 2644 45.
1005 2584 1055 2644 59.

91 2670 125 2741 5,
143 2671 201 2726 111

222 2769 339 2828 semper
352 2754 388 2810 ut
403 2751 527 2816 inducar
540 2751 665 2812 blandos
681 2752 768 2812 offers
782 2751 856 2810 mihi
870 2752 979 2822 voltus
1062 2743 1064 2748 ’

158 2835 195 2894 Id
208 2837 318 2909 sexies,
331 2854 401 2896 11011
415 2836 529 2908 minus,
550 2836 684 2895 imitatem
707 2839 754 2895 est
767 2839 870 2894 auctor
883 2836 1057 2912 panegyrici

92 2919 134 2978 ad
148 2920 305 2982 Messalam
322 2915 405 2999 [1111,
424 2921 451 2992 1,
469 2920 585 2978 11109.
603 2921 673 2979 107.
691 2921 760 2979 168.
779 2920 848 2978 194.
866 2913 949 2997 2051.
972 2918 1056 2978 Idem

89 3007 127 3064 et
140 3005 233 3064 semel
247 3003 454 3081 pentasyllaba
468 3003 560 3063 uerbo
576 3004 721 3064 conclusit
734 3007 863 3062 metrum
880 2999 944 3082 [59]

221 3089 350 3148 incrdtos
365 3088 438 3147 adiit
452 3087 672 3164 Laestrygonas
686 3087 938 3163 Antiphatenque.

157 3171 343 3232 Pentemetri
362 3174 538 3248 plerumque
559 3171 706 3249 disyllabo
734 3172 878 3232 vocabulo
903 3167 1056 3244 finiuntur,

90 3257 184 3333 plane
198 3257 276 3316 siout
289 3257 322 3316 in
333 3256 481 3332 Priapeia:
498 3273 552 3317 nec
566 3260 667 3316 10111011
681 3257 771 3316 nimis
785 3257 989 3331 infrequenter
1002 3257 1056 3316 tri·

92 3341 213 3418 syllaba
231 3341 295 3401 sive
315 3342 511 3416 tetrasyllabo
526 3344 557 3400 et
571 3341 728 3416 aliqnando
743 3340 949 3416 pentasyllaba
964 3340 1056 3400 locus.

91 3425 256 3484 Praeterea
277 3424 400 3502 dignum
420 3427 564 3484 memoria
577 3445 631 3500 pro
646 3426 761 3500 reliqua
775 3444 833 3500 qua
847 3442 917 3483 usus
932 3426 979 3482 est
991 3441 1056 3504 ver7

87 3527 184 3570 suurn
204 3508 407 3569 faciendorum
427 3513 490 3569 arte
512 3509 665 3570 Tibullum
687 3509 847 3584 diligenter
866 3506 992 3576 cavisse,
1019 3523 1057 3564 ne
