2464 4020
457 281 670 340 PRAEFATIO.
1010 301 1051 348 n

63 467 190 510 nomen
210 447 332 524 quidem
352 451 388 506 ut
409 449 563 509 exhiberet
583 453 699 526 poetae.
728 453 806 512 Nam
826 455 868 513 ita
887 473 920 515 se
939 455 1049 516 habere

63 536 170 610 prout
181 532 252 605 diri,
261 551 443 608 quamquam
458 553 546 593 nemo
558 539 628 594 aute
641 555 697 595 nos
712 537 930 613 animadvertit,
946 541 1049 601 certis·

65 620 154 678 sime
173 619 301 693 apparet
319 635 354 677 ea
373 637 421 690 re,
443 617 523 692 quod
542 619 571 677 N
590 620 668 678 liber
687 624 807 695 praeter
824 623 1049 698 inscriptionem

64 704 168 778 longe
183 701 381 760 recentiorem
397 703 512 777 reliqua
526 703 688 779 scriptura,
709 709 846 780 quaeest
858 709 962 781 incipit
974 710 1049 769 Pro·

58 789 200 862 perticis,
223 785 319 844 omnis
334 787 617 861 1111111111111111
635 788 713 847 Hinc
728 790 760 848 in
774 789 860 849 libris
876 792 975 852 minus
990 794 1048 852 sin-

65 871 155 930 ceris
176 887 345 945 provenere
358 871 615 946 interpolationes.
644 873 723 931 Nam
738 892 805 931 cum
820 893 856 932 ex
869 875 944 950 ipsis
958 875 1048 952 Prop.

66 955 200 1029 scriptis
214 953 331 1012 librarii
344 959 572 1032 recuperassent
581 974 692 1016 nomen
702 959 818 1032 poetae,
831 976 920 1033 quem
929 959 1049 1034 quidem

67 1039 206 1098 ridicula
227 1038 389 1096 eonmdem
410 1039 524 1098 inducti
545 1042 714 1116 corruptele
737 1037 805 1120 [HL
822 1044 871 1115 24,
890 1039 942 1122 38]
963 1047 1048 1118 puta·

66 1141 148 1183 vere
168 1122 262 1181 fuisse
282 1125 420 1195 nanim,
442 1122 494 1181 alii
514 1142 551 1182 ex
564 1124 676 1184 Donati
695 1125 758 1184 vita
773 1125 946 1202 Vergiliana
966 1125 1048 1204 (nem

70 1206 266 1267 Salmasiana
284 1206 457 1282 anthologia
477 1226 552 1267 saec.
568 1207 624 1266 XV
644 1209 777 1268 nondum
797 1209 982 1289 innotuerat)
998 1213 1047 1270 ad-

69 1292 182 1349 didere
196 1308 378 1365 praenomen
393 1291 486 1365 Sexti,
501 1292 622 1367 quidam
636 1294 782 1354 Martialis
797 1297 1048 1371 apophoretorum

72 1370 167 1454 [189]
190 1375 332 1433 lemmate
351 1375 466 1434 inducti
486 1378 585 1435 totum
599 1396 674 1453 opus
687 1379 905 1455 inscripserrmt
918 1383 1048 1442 monobi-

71 1461 155 1533 bion,
180 1477 255 1534 qnos
274 1458 396 1518 tandem
417 1478 548 1519 errorem
564 1461 702 1520 dedocuit
717 1464 860 1540 Scaliger.
889 1465 1048 1524 Praeterea

70 1544 218 1604 nonnulli
244 1542 394 1619 Propertii
421 1562 532 1604 nomen
557 1563 624 1603 cum
648 1545 806 1605 Prudentii
834 1547 1048 1608 confimdentes

72 1629 156 1688 siout
179 1627 291 1686 factum
310 1628 402 1686 etiam
420 1628 454 1686 in
474 1629 625 1688 codicibus
647 1630 743 1687 libelli
757 1631 794 1688 de
809 1631 907 1689 dubiis
921 1633 1048 1690 nomini-

70 1715 134 1772 bus
152 1707 210 1790 [gr.
226 1713 279 1770 lat.
294 1710 332 1785 V,
345 1713 417 1786 576,
431 1713 470 1770 22
482 1708 532 1792 K]
549 1732 619 1771 eum
633 1713 750 1772 Aurelii
763 1715 884 1774 nomine
899 1715 1047 1791 ditarunt3

71 1815 138 1873 qno
158 1796 275 1871 primns
295 1796 434 1856 liberavit
454 1796 604 1872 Hauptius
632 1793 700 1876 [act.
721 1815 780 1858 soc.
801 1798 861 1857 litt.
889 1799 995 1858 Saron.
1022 1819 1047 1858 a.

75 1882 164 1941 1849
180 1899 231 1956 pg.
248 1881 311 1940 260
325 1876 413 1958 sqq.].
443 1881 580 1956 Denique
594 1882 678 1940 fuere
692 1882 745 1957 qui
759 1901 827 1941 eum
842 1882 974 1941 facerent
987 1883 1048 1941 Me-

72 1966 267 2037 vaniensem,
291 1984 320 2024 v.
344 1967 404 2023 123
426 1983 450 2023 c.
474 1969 491 2023 l
513 1966 533 2023 l.
549 1964 578 2021 V
597 1966 713 2040 decepti
732 1966 788 2024 illi.
824 1967 888 2024 Iam
908 1985 976 2025 cum
1000 1968 1049 2028 vel

72 2067 184 2110 caecus
204 2048 306 2109 videat
329 2049 405 2106 nihil
431 2067 495 2108 esse
521 2051 664 2110 amissum
682 2050 715 2108 in
733 2049 879 2126 principio
899 2051 1047 2125 carminis,

73 2135 216 2209 sequitur
234 2132 268 2191 in
282 2151 387 2192 aversa
400 2134 511 2209 pagina
524 2133 590 2193 folii
604 2133 808 2210 praecedentis
823 2135 1048 2210 inscriptionem

73 2219 151 2278 libri
166 2217 273 2292 fuisse3
293 2236 353 2292 qua
372 2236 405 2275 re
424 2219 490 2292 ipsa
503 2218 583 2276 haud
597 2219 843 2278 contemnendam
858 2219 987 2279 adfuisse
1002 2240 1048 2278 ar-

74 2305 209 2378 chetypo
223 2303 404 2361 vetustatem
418 2302 574 2361 evincitur.
595 2303 732 2362 Eundem
746 2322 784 2363 ne
799 2305 946 2380 scriptura
958 2305 1048 2364 nimis

74 2385 195 2446 difficili
216 2387 268 2444 aut
287 2386 412 2445 evanida
431 2389 584 2445 exaratum
603 2387 694 2448 fuisse
715 2389 843 2461 credam,
864 2408 900 2447 ea
919 2389 1048 2446 maxime

72 2489 112 2531 re
127 2471 271 2542 adducor,
293 2471 373 2545 quod
392 2471 425 2529 in
444 2471 522 2530 libro
536 2471 566 2528 N
586 2472 643 2530 etsi
663 2474 806 2548 pleraque
821 2476 892 2532 sunt
906 2475 1047 2546 corrupta

73 2557 170 2630 longe
185 2557 287 2614 tamen
301 2555 397 2613 rarius
419 2572 452 2612 11
469 2555 519 2614 vix
533 2575 674 2632 umquam
689 2558 822 2616 existunt
835 2559 969 2615 monstra
982 2575 1048 2615 ver·

73 2641 188 2699 borum
202 2639 283 2711 talia,
299 2657 375 2713 quae
389 2639 586 2699 observantur
597 2639 725 2698 inlibris
737 2639 923 2698 Catullianie.
940 2639 1048 2710 Quam·

74 2742 168 2800 quam
184 2722 308 2781 minime
323 2722 430 2798 ignoro
445 2724 529 2782 nullo
544 2726 688 2798 tempore,
703 2723 814 2781 nedum
829 2723 953 2782 saeculis
963 2721 1047 2792 XIII,

73 2805 185 2880 ΧΠΠ,
205 2805 272 2879 XV,
296 2807 430 2867 extitisse
444 2807 582 2866 librarios
597 2809 660 2864 tam
676 2807 845 2883 diligentes,
861 2812 895 2864 ut
908 2805 1049 2881 religioni

73 2893 224 2950 ducerent
242 2891 335 2952 verba
354 2891 454 2950 minus
481 2891 539 2950 sibi
560 2890 714 2950 intellecta
738 2889 946 2965 apertioribus,
972 2906 1047 2963 quae

72 2976 152 3051 ipsis
172 2974 360 3049 viderentur,
381 2977 508 3032 mutere.
548 2973 734 3033 Pentametri
754 2976 786 3032 in
807 2973 968 3048 archetypo
988 2991 1049 3033 non

73 3061 162 3120 fuere
178 3059 310 3132 reducti3
327 3059 459 3118 carmina
472 3059 593 3134 singnrla
606 3059 639 3116 in
654 3058 758 3116 eodem
774 3058 852 3114 male
866 3056 958 3116 1111111
974 3057 1049 3117 divi·

74 3164 111 3204 sa
131 3143 346 3217 Neapolitanae
367 3143 557 3202 membranae
583 3142 723 3200 docemur
747 3142 894 3216 exemplo.
931 3141 990 3201 Sed
1010 3161 1049 3201 ne

73 3227 152 3288 libri
172 3227 294 3302 quidem
314 3227 374 3286 nisi
394 3228 610 3302 paenultimum
632 3243 700 3284 cum
725 3227 832 3284 ultimo
852 3226 924 3286 satis
944 3231 1048 3302 aperte

74 3312 221 3373 videntur
239 3311 332 3380 fuisse
353 3311 503 3387 dirempti.
538 3311 652 3370 Notum
674 3312 721 3370 est
741 3311 873 3386 primum
885 3311 1048 3370 Lachman-

74 3415 151 3457 num
165 3396 279 3454 librum
300 3397 430 3454 alterum
443 3396 599 3456 rescidisse
613 3395 646 3453 in
660 3394 742 3470 duos,
759 3414 885 3472 quorum
899 3395 1050 3472 posterior

74 3481 226 3555 inciperet
240 3479 277 3538 ab
291 3480 353 3540 illis
366 3481 417 3540 sed
429 3485 542 3556 tempus
555 3479 680 3540 bistrare
694 3482 761 3540 alisia
774 3481 917 3539 Helicona
930 3478 1046 3536 11111111.

74 3565 113 3627 Id
128 3567 164 3624 ut
185 3567 333 3624 statueret
352 3564 479 3624 maxime
499 3565 559 3624 fuit
571 3567 726 3639 permotus
741 3562 866 3622 disticho
880 3559 1046 3630 notissimo,
