2476 4018
169 221 215 287 24
559 225 752 281 ruoruaru
1025 237 1028 248 ·
1118 227 1172 300 [ι.

280 391 444 473 Senserat,
467 389 526 454 hac
547 390 618 474 ipsa
640 388 768 472 cuspide
791 387 891 453 sensit
912 407 1015 472 opem.

187 487 220 538 cu
235 474 307 540 Hoc
330 475 429 558 siquis
451 475 564 540 vitium
585 474 704 558 polerit
724 471 804 536 mihi
826 473 964 556 demere,
987 472 1083 537 solus

277 559 449 624 Tantaleae
469 559 588 643 poterit
608 557 732 622 tradere
753 578 850 641 poma
870 579 982 622 manu:

236 644 332 711 Delia
353 643 505 730 virgineis
527 643 612 707 idem
633 641 687 706 ille
708 642 878 726 repleverit
897 641 1018 706 umbris
1025 641 1046 727 ,ζ

277 728 328 794 Ne
341 731 460 794 tenera
480 727 612 792 adsidua
633 727 715 792 colla
735 729 907 812 graventur
928 747 1026 810 aqua:

235 811 326 878 Idem
347 812 500 878 Caucasia
521 812 623 876 solvet
643 812 681 875 de
702 833 781 895 rupe
801 810 983 876 Promethei

186 910 220 961 το
277 897 414 962 Brachia
435 899 468 962 et
489 919 508 961 a
529 896 633 961 medio
655 899 785 980 pectore
806 895 906 979 pellet
926 917 1027 960 avem.

237 981 508 1079 Quandocumque
529 981 628 1066 igitur
649 981 748 1044 vitam
769 1002 840 1045 mea
860 979 926 1044 fata
946 983 1134 1063 reposcent

278 1066 326 1134 Et
343 1066 439 1132 breve
460 1089 495 1130 m
516 1067 632 1150 exiguo
654 1086 812 1130 marmore
833 1085 952 1129 nomen
974 1085 1028 1128 ero
1035 1097 1048 1147 ,-

235 1151 420 1233 Maecenas‚
442 1154 570 1216 nostrae
591 1171 665 1248 pars
688 1149 845 1214 invidiosa
865 1149 1029 1232 iuventae,

277 1234 323 1299 ut
342 1235 427 1300 vitae
450 1237 482 1298 et
502 1237 599 1298 morh
620 1235 725 1320 gloria
746 1234 831 1298 iusta
850 1255 953 1315 meae,

187 1331 220 1384 '15
236 1319 271 1386 Si
292 1323 324 1382 te
345 1318 429 1383 forte
449 1339 522 1383 meo
544 1318 641 1383 ducet
660 1319 712 1382 via
733 1319 878 1402 proxima
898 1319 1007 1401 busto,

279 1403 402 1468 Esseda
425 1403 553 1468 caelatis
576 1403 653 1468 siste
675 1403 832 1468 Britanna
852 1403 951 1488 iugis,

237 1487 389 1572 Taliaque
410 1487 615 1552 inlacrimans
637 1490 743 1552 mutae
765 1488 832 1551 iace
854 1487 950 1552 verba
970 1486 1126 1554 favillae:

282 1572 383 1638 ‘Huic
404 1573 520 1637 misero
541 1572 644 1638 fatum
667 1572 745 1636 dura
765 1572 872 1655 puella
893 1571 977 1636 fuit?

580 1693 733 1706 ...ῥ-

629 1745 676 1820 ΙΙ.

237 1860 334 1927 Liber
356 1883 442 1926 eram
464 1863 496 1926 et
517 1881 615 1926 vacuo
637 1860 815 1924 meditabar
836 1859 941 1924 vivere
963 1859 1064 1944 lecto,

281 1948 328 2012 At
347 1969 399 2010 me
422 1946 589 2030 conposita
610 1967 688 2029 pace
709 1943 826 2008 fefellit
845 1944 956 2009 Amor.

239 2028 304 2096 Cur
325 2030 404 2095 haec
424 2031 460 2095 in
481 2029 574 2093 terris
595 2029 693 2094 facies
714 2028 855 2093 humana
875 2027 1038 2105 moratur?

282 2113 441 2199 Iuppiter,
463 2115 578 2199 ignoro
600 2114 737 2198 pristina
757 2113 844 2176 furta
863 2114 929 2178 hoa.

211 2211 226 2259 5
242 2196 343 2261 Fulva
358 2202 479 2262 comast
493 2200 671 2283 longaeque
685 2219 813 2281 manus,
835 2199 868 2262 ct
881 2197 1019 2261 maxima
1032 2197 1108 2262 toto

284 2279 441 2364 Corpore,
465 2285 498 2346 et
518 2283 639 2346 incedit
659 2283 711 2348 vel
731 2281 806 2347 Iove
829 2281 927 2366 digna
949 2301 1053 2364 soror,

239 2366 307 2430 Aut
328 2385 401 2428 cum
422 2364 602 2429 Munichiae
623 2366 729 2431 Pallas
751 2367 906 2450 spatiatur
927 2366 967 2430 ad
988 2387 1073 2448 aras,

283 2449 444 2534 Gorgonis
467 2450 649 2533 anguiferae
671 2453 782 2535 pectus
805 2454 915 2535 operta
937 2450 1046 2515 comis.

241 2534 350 2610 Qualis
373 2537 405 2598 et
426 2533 633 2598 Ischomache
655 2535 810 2620 Lapithae
831 2555 933 2620 genus
954 2533 1104 2618 heroine,

191 2631 223 2681 10
282 2619 449 2684 Centauris
471 2619 576 2685 medio
598 2623 691 2705 grata
712 2619 824 2704 rapina
845 2640 947 2704 mero,

239 2703 460 2788 Mercurioque
482 2703 552 2770 Sais
572 2704 674 2769 fertur
695 2703 875 2770 Boebeidos
896 2703 994 2768 undis

281 2787 471 2874 Virgineum
492 2788 602 2853 Brimo
625 2789 830 2872 conposuisse
852 2789 945 2853 latus.

240 2872 351 2940 Cedite
373 2873 456 2956 iam,
480 2873 586 2957 divae,
609 2895 686 2958 quas
708 2875 818 2957 pastor
838 2872 961 2937 viderat
982 2871 1061 2938 olim

201 3016 203 3018 ,
281 2957 385 3024 Idaeis
406 2955 530 3022 tunicas
551 2979 671 3056 ponere
692 2957 872 3023 verticibus.

191 3054 223 3105 15
238 3040 332 3108 Hanc
352 3044 476 3108 utinam
497 3043 611 3107 sacrem
632 3043 715 3107 nolit
735 3045 858 3107 mutare
880 3043 1045 3125 senectus,

281 3125 355 3193 Etsi
377 3127 532 3194 Cumaeae
554 3127 679 3194 saecula
699 3127 781 3192 vatis
804 3129 886 3213 aget.

622 3319 686 3392 HI.

241 3426 302 3503 Qui
324 3426 445 3491 nullam
466 3429 526 3491 tibi
549 3431 674 3496 dicebas
697 3433 762 3497 iam
783 3451 877 3515 posse
897 3451 1033 3515 nocere,

281 3510 439 3596 Haesisti,
463 3512 577 3576 cecidit
598 3515 728 3598 spiritus
750 3517 805 3582 ille
825 3519 908 3581 tuus.
