2444 4056
318 355 322 362 ¹
445 281 650 340 PRAEFATIO
978 297 1032 344 66

57 455 164 514 minus
179 449 400 527 perspexissent
419 449 569 524 plerique,
589 449 698 508 mirum
714 453 859 526 quantum
873 451 1031 512 turbarum

58 552 260 610 errorumque
274 534 317 593 sit
331 535 515 593 commotum
529 533 609 592 inter
623 532 736 592 doctos.

126 620 188 679 His
202 617 346 694 exposItis
360 616 436 676 nihil
457 616 573 690 obstat,
597 617 671 692 quin
685 618 723 675 ad
737 618 884 695 singulos,
908 622 961 696 qui
974 621 1032 681 1166

60 705 198 770 editione
212 701 419 773 contInentur,
435 700 614 759 ereticorum
628 699 722 760 libros
736 702 931 764 transeamus.

130 787 177 844 De
192 785 353 860 archetypo
364 785 500 844 codicum
511 783 622 843 Catulli
635 783 885 862 postHauptium
901 783 1031 866 [quaest.

63 871 177 931 Catull.
191 889 241 946 pg.
258 864 353 947 2-91
370 868 575 944 Haysiumque
592 864 680 946 [vers.
696 867 761 928 061.
775 887 909 946 german.
926 872 1031 931 279-

63 951 117 1034 82]
131 957 163 1012 et
172 953 365 1012 1661661166
377 947 544 1030 [actaerud.
558 950 731 1029 (16111636.
746 953 836 1026 1856,
854 949 1030 1033 1976-78]

62 1059 98 1098 66
117 1037 295 1096 Bochmium
317 1032 443 1114 [quaeat.
466 1033 671 1095 (16161862
694 1036 815 1096 Bonnae
836 1038 924 1096 editis
944 1040 1031 1116 pg.2

63 1119 122 1201 sq]
139 1121 219 1179 dixit
230 1119 399 1180 Schwabius
413 1121 446 1178 in
459 1119 641 1195 praefatione
655 1120 726 1178 libri
737 1119 897 1180 Catulliani
911 1122 948 1180 ab
963 1121 1031 1196 ipso

63 1226 89 1264 a.
100 1207 185 1264 1866
199 1204 280 1276 edili,
293 1223 329 1262 ex
341 1221 401 1279 qua
414 1204 572 1279 potissima
582 1203 714 1264 hocloco
726 1205 1032 1266 bisterveImmutata

61 1289 208 1349 brevibus
223 1290 390 1362 repetemus
405 1287 504 1346 verbis
518 1283 575 1366 [ef.
586 1287 827 1363 etllllisfipraef.
838 1286 1031 1368 pg.21sqq.].

129 1373 239 1447 Itaque
253 1372 371 1431 saeculo
386 1369 477 1430 VIIII
489 1371 610 1430 6166111
624 1372 757 1432 extitisse
777 1372 810 1432 in
825 1372 934 1446 Gallia,
956 1391 1031 1449 quae

62 1461 132 1515 tum
153 1456 338 1532 optimorum
357 1455 526 1514 studiorum
545 1457 702 1532 potissima
723 1460 788 1515 erat
812 1458 911 1532 sedes,
939 1457 1031 1516 codex

66 1540 191 1616 qnidam
214 1540 377 1597 carminum
403 1538 528 1612 Catulli,
558 1539 707 1614 scriptura
731 1539 970 1618 Langobardica,
996 1545 1032 1600 ut

64 1628 153 1700 puto,
184 1624 258 1682 66116
284 1623 406 1698 quidem
431 1623 482 1683 ille
506 1623 666 1684 mendosus
692 1642 726 1684 ac
754 1624 842 1684 lacer.
882 1625 923 1684 nt
948 1626 1028 1684 hunc

66 1709 273 1783 potiusquam
288 1707 437 1783 exemplar
447 1705 618 1768 Veronense
632 1708 725 1768 161666
740 1710 917 1785 pagiuamm
931 1709 1030 1768 distri·

63 1792 191 1850 batione
206 1809 242 1849 ea
258 1809 347 1865 quam
361 1790 569 1851 Lachmannus
583 1793 820 1866 repraesentavit
836 1793 869 1849 16
889 1793 1031 1863 editione,

64 1875 156 1934 modo
171 1892 275 1933 verum
289 1876 329 1933 sit
344 1876 407 1933 6166
422 1875 588 1947 Inventum,
603 1875 769 1932 rectissime
782 1875 900 1934 6166611
915 1873 1031 1933 Schwa-

63 1960 134 2018 bius
148 1977 202 2034 pg.
217 1955 370 2016 XXVIIII.
399 1957 444 2016 Dc
461 1976 519 2033 qua
532 1975 565 2016 re
580 1960 611 2016 et
629 1957 703 2016 mihi
723 1956 798 2017 duco
818 1958 921 2034 paucis
942 1976 1031 2034 agen·

66 2044 154 2114 dum,
178 2059 245 2098 cum
264 2042 424 2117 plerosque
443 2042 531 2100 hodie
550 2043 609 2100 iam
623 2041 740 2100 videam
753 2041 923 2116 improbare
937 2041 1031 2101 Lach-

64 2125 169 2184 manni
184 2127 372 2185 sententiam.
411 2123 538 2195 Quidam
553 2126 644 2184 etiam
658 2125 793 2200 cupidius
809 2144 898 2201 quam
913 2128 1030 2186 6661166

65 2211 135 2268 huic
156 2207 220 2267 6116
235 2209 382 2282 oblocuti,
404 2209 537 2268 omnium
557 2211 657 2268 autem
677 2211 922 2283 inportunissime
937 2210 1030 2269 Thec-

67 2293 159 2350 doras
172 2290 319 2368 Heysius,
343 2293 446 2368 quiin
467 2292 631 2367 appendice
650 2293 1032 2368 16161616161166160616111

66 2377 155 2452 quasi
174 2376 211 2435 de
232 2376 351 2451 tripode
371 2379 403 2436 61
427 2376 563 2453 neglecta
584 2395 674 2452 quam
693 2376 882 2438 Lachmanno
903 2378 1031 2437 debebat

64 2459 246 2520 verecundia
259 2479 328 2518 eum
347 2461 481 2537 graviter
501 2478 614 2520 errasse
634 2464 792 2521 asseverat.
828 2460 912 2521 Idem
930 2464 1031 2520 tamen

64 2543 250 2619 argumentis
271 2544 566 2603 666666166666661
584 2544 671 2602 illum
694 2545 772 2620 aptis
791 2546 940 2620 pepercit,
963 2564 1030 2605 con·

64 2629 171 2686 tentus
183 2627 343 2700 addidisse,
360 2628 418 2686 sibi
432 2629 540 2703 6116116
554 2627 648 2703 partis
664 2628 772 2688 codicis
781 2629 935 2706 archetypi
948 2631 1030 2706 pagi-

63 2729 171 2770 narum
201 2711 433 2786 descriptionem
462 2730 524 2772 6666
553 2715 670 2784 notam,
701 2712 738 2770 de
766 2715 940 2787 posterioris
969 2732 1031 2772 non

65 2795 193 2870 perinde
213 2798 358 2855 constare.
373 2825 415 2837 -
436 2795 511 2854 Mihi
531 2796 631 2871 potius
645 2796 766 2855 videtur
784 2797 817 2854 in
835 2799 933 2872 priore
952 2796 1031 2854 libro

63 2879 131 2938 6166
145 2883 179 2936 61
194 2879 328 2954 apertius
341 2897 406 2938 rem
420 2879 565 2939 declarem
575 2899 670 2956 usque
682 2880 720 2938 ad
731 2899 755 2939 c·
773 2881 814 2940 50
828 2899 856 2938 6.
875 2882 913 2938 16
929 2879 1031 2953 paullo

60 2964 164 3021 611666
179 2965 293 3022 certam
312 2963 485 3039 firmamque
501 2983 564 3023 esse
579 2964 829 3038 computationem
848 2962 1031 3023 Lachmanni

61 3045 116 3122 (ob
134 3063 199 3104 eam
216 3047 408 3122 potissimum
422 3065 541 3107 causam
554 3050 591 3106 ut
610 3047 716 3122 opiuor
730 3046 817 3122 quod
830 3048 951 3123 gravirm
966 3051 1031 3107 erat

59 3129 182 3188 lacunis
197 3128 382 3209 depravata);
404 3132 457 3191 sed
471 3132 508 3190 ab
523 3131 579 3189 hoc
593 3131 663 3188 inde
677 3148 724 3190 res
740 3133 802 3188 tam
817 3131 896 3190 clara
908 3136 1029 3208 tamque

61 3215 233 3288 comperta,
254 3214 331 3274 611111
351 3217 389 3274 ut
406 3215 512 3294 magis.
547 3215 652 3290 Neque
673 3233 743 3274 6616
760 3216 920 3291 quicquam
939 3217 1029 3289 66161,

62 3297 147 3373 quod
167 3298 227 3356 fult
242 3299 296 3376 qui
316 3299 476 3359 miraretur
487 3299 710 3358 Lachmannum
723 3300 840 3359 nullum
854 3299 951 3358 tituIIs
967 3317 1029 3358 car·

60 3382 181 3440 1616661
200 3382 234 3440 16
255 3401 396 3443 versuum
411 3385 632 3458 computatione
647 3384 804 3459 reliquisse
824 3383 938 3442 locum:
959 3401 1029 3441 nam

62 3467 192 3539 potuere
208 3466 304 3525 additi
316 3485 379 3526 esse
394 3469 440 3528 illi
453 3468 591 3545 margini,
607 3471 643 3526 ut
655 3485 743 3542 saepe
757 3469 790 3525 16
800 3467 929 3526 66166116
943 3466 1029 3523 libris

62 3548 196 3625 iactum,
225 3551 285 3610 nisi
306 3552 408 3626 potius
429 3551 584 3612 Schwabic
605 3552 744 3611 ducerem
764 3549 961 3610 accedendum
976 3547 1029 3620 qui
