2444 4056
179 303 254 354 nx11
557 289 770 348 PRAEFATIO.

180 461 314 533 ctoritas,
336 478 424 535 quem
440 475 509 520 sene
523 477 558 518 ea
571 460 761 519 veneratione
781 460 851 518 sunt
870 459 1034 534 prosecuti,
1055 477 1147 534 quem
1213 476 1214 480 ’

180 539 446 618 εἰδωλολατρείαν
457 546 565 603 vocent
578 543 645 618 ipsi.
668 542 779 603 Contra
792 542 824 600 in
836 543 930 602 latino
945 545 1042 602 metro
1056 546 1146 603 raris·

180 630 254 688 sime
269 629 378 701 evenit,
394 630 429 686 ut
443 628 586 702 simplicis
601 627 768 702 elegantiae
782 627 866 702 leges
880 644 951 702 prae
963 625 1065 687 Ovidii
1071 627 1146 687 Ver-

180 713 304 789 gilfique
318 713 435 788 plaettis
450 714 669 787 spernerentur.

242 795 287 854 Ac
300 797 431 872 primum
442 796 563 872 quidem
574 795 755 854 monendum
766 793 896 854 diversas
907 812 961 869 pro
974 797 1146 870 temporum

181 881 324 940 varietate
339 881 466 956 siuguIIs
480 881 576 954 poetis
592 879 720 939 adfuisse
732 879 862 937 rationes
872 879 1020 938 metricas.
1038 880 1146 951 Quum-

179 983 269 1040 quam
290 965 377 1024 huius
396 965 441 1024 rei
468 961 610 1020 iudicium
630 963 777 1021 lubricum
803 979 890 1036 saepe
910 965 941 1020 et
959 963 1145 1040 ambiguum,

178 1049 309 1125 primum
329 1047 408 1122 quod
427 1047 637 1122 plerorumque
658 1049 811 1104 auctorum
825 1047 960 1106 veterum
981 1047 1054 1105 libri
1074 1067 1145 1124 quo·

179 1151 249 1192 nem
271 1131 373 1189 ordine
389 1131 450 1190 sint
464 1130 609 1205 conpositi
622 1129 787 1206 ignoratur,
808 1129 914 1190 delnde
928 1131 1009 1204 quod
1023 1134 1146 1190 omnino

178 1217 314 1274 veterum
335 1215 513 1289 scriptorum
533 1215 631 1289 prime
645 1232 693 1273 ers
708 1232 725 1271 a
739 1231 854 1274 summa
868 1231 929 1274 non
943 1232 977 1273 ec
993 1215 1088 1274 distet
1101 1217 1146 1276 in-

178 1298 321 1371 tervallo,
344 1297 423 1372 quod
443 1298 559 1372 optinet
578 1298 672 1356 ferme
686 1298 766 1357 inter
779 1296 866 1356 initia
879 1315 912 1356 ac
925 1297 1000 1356 fines
1015 1301 1146 1359 neoteri-

180 1400 291 1440 oorum.
322 1381 461 1441 Ceterum
481 1381 538 1440 etsi
557 1400 661 1440 rerum
682 1383 728 1440 est
741 1383 852 1456 poetas,
868 1399 927 1455 quo
941 1383 1063 1458 longius
1078 1403 1146 1459 pro·

179 1465 289 1524 cedunt
306 1465 339 1524 in
360 1465 480 1538 studiis,
507 1483 541 1523 ec
561 1465 657 1541 magis
677 1465 772 1524 artem
791 1465 959 1540 intendere,
985 1467 1145 1542 adquando

182 1552 284 1608 tamen
298 1549 479 1608 contrarium
494 1548 608 1610 accidit.

242 1631 280 1691 V.
307 1633 452 1692 Necnon
476 1631 571 1692 refert
595 1634 791 1708 permultum,
818 1633 942 1693 norisne
968 1651 1007 1694 an
1026 1635 1146 1709 pridem

180 1717 312 1792 vulgatis
332 1717 465 1777 numeris
479 1718 603 1776 utantur
617 1719 760 1790 auctores,
776 1717 917 1791 quoniam
931 1718 1011 1776 utin
1024 1719 1091 1778 rita
1103 1721 1147 1778 lte

178 1801 212 1862 in
232 1805 295 1862 arte
316 1802 480 1877 plmimum
505 1801 642 1860 iuvamur
667 1801 829 1875 exemplis,
855 1819 930 1874 quae
950 1802 999 1860 vel
1018 1802 1046 1860 si
1065 1805 1146 1862 mala

180 1888 251 1946 sunt
265 1885 303 1945 ad
316 1905 421 1947 verum
435 1885 647 1946 inveniendum
658 1885 737 1945 viam
751 1885 899 1945 muniunt.
916 1884 994 1956 Quid
1009 1886 1046 1944 ab
1062 1889 1145 1946 omni

178 1973 416 2128 Pmssfffllrgogietrii
425 1968 697 2112 pueiifegiiiioborata
718 2054 787 2126 post
807 2052 938 2112 medium
953 2071 979 2112 e.
994 2073 1025 2112 u.
1039 2073 1065 2112 c.
1082 2073 1145 2115 soe·

180 2136 280 2194 culum
294 2134 371 2194 VIII
389 2135 475 2194 latini
490 2154 592 2194 versus
614 2138 678 2194 arte
691 2154 752 2196 non
765 2136 899 2195 inuenire
913 2155 992 2197 nora
1005 2137 1059 2196 sed
1072 2141 1144 2198 reti-

179 2237 250 2278 nere
265 2221 351 2292 parta
364 2219 501 2278 interfuit
514 2219 732 2294 plerorumque,
747 2223 812 2278 tum
826 2238 897 2280 uero
912 2221 995 2294 qussi
1009 2223 1145 2282 tumultu

180 2303 258 2362 facto
273 2302 305 2363 in
320 2301 436 2360 diversa
450 2301 610 2364 discessere
624 2306 767 2376 auctores,
782 2322 837 2378 pro
851 2305 994 2364 uarietate
1007 2305 1145 2381 ingenio·

180 2405 248 2445 rum
268 2386 344 2445 alius
364 2385 446 2446 aliud
466 2386 613 2462 Augustei
633 2388 698 2446 aovi
714 2389 881 2462 exemplum
895 2388 1062 2448 imitatione
1076 2409 1144 2466 pre·

180 2471 305 2530 mentes.
321 2469 363 2528 m
375 2470 505 2529 maxima
518 2471 595 2546 apud
605 2472 785 2532 recentiores
798 2473 972 2532 auctoritate
980 2472 1146 2548 viguerunt

180 2553 331 2630 Vergilius
346 2556 378 2612 e't
392 2551 526 2614 Ovidius.
554 2553 669 2629 Quippe
684 2555 738 2614 hos
752 2573 813 2616 non
827 2556 933 2614 similis
946 2555 1034 2614 modo
1049 2562 1144 2617 mate-

180 2637 242 2696 riae
257 2637 430 2713 scriptores,
452 2637 504 2698 sed
524 2655 626 2698 omnes
640 2641 787 2713 quotquot
800 2640 922 2698 fuerunt
934 2642 1037 2715 poetae
1053 2659 1146 2716 quam

180 2721 404 2798 religiosissime
416 2722 619 2783 observarunt.
639 2723 734 2793 Quare
745 2723 823 2782 haud
837 2723 880 2782 its
889 2743 1030 2800 magnum
1043 2725 1145 2784 locum

179 2807 354 2866 melicorum
367 2825 507 2868 uersuum
522 2810 553 2866 et
567 2807 753 2868 satiricorum
767 2810 830 2866 arte
846 2807 1052 2866 constituenda
1066 2811 1145 2883 opti-

182 2893 249 2950 nuit
263 2891 415 2966 Horetius,
431 2891 486 2950 neo
500 2891 628 2949 multum
642 2891 738 2949 valuit
752 2891 886 2966 exemplo
902 2891 1048 2951 Tibullus.
1071 2892 1145 2953 Pm-

179 2975 310 3048 pertium
330 2977 380 3051 qui
402 2977 463 3036 sint
482 2975 575 3035 secuti
594 2993 655 3034 non
673 2976 801 3034 invenio.
847 2974 906 3033 Sed
934 2975 1147 3051 gravissimum

180 3057 250 3115 inde
269 3059 370 3117 evenit
389 3060 547 3120 discrimen
567 3059 663 3135 poetis
684 3059 820 3134 posteris,
841 3058 1056 3134 quodquidam
1070 3057 1145 3119 Ver·

180 3141 297 3216 gilium,
314 3139 454 3200 Ovidium
464 3144 519 3202 ,elii
534 3143 630 3220 magis
645 3144 808 3218 probavere
823 3142 937 3201 ducem.
963 3143 1028 3202 Iam
1041 3161 1146 3218 quam·

179 3243 270 3298 quam
284 3226 408 3299 uterque
423 3227 582 3287 sectatores
593 3227 699 3286 habuit
710 3229 757 3286 sat
766 3227 886 3298 multos,
897 3227 1029 3302 potiores
1043 3229 1148 3286 tamen

179 3309 321 3366 aemulati
343 3310 414 3368 sunt
432 3307 596 3382 Nasonem,
626 3309 713 3368 facile
733 3311 768 3367 ut
788 3309 884 3384 possit
903 3310 1038 3370 concludi
1056 3310 1146 3370 huius

179 3392 275 3467 magis
294 3410 430 3452 normam
450 3392 548 3466 gentis
563 3393 712 3450 Romanae
732 3393 826 3452 indoli
847 3395 878 3453 et
892 3395 1047 3452 subtilium
1061 3395 1147 3470 inge·

179 3477 299 3535 nicrum
318 3475 495 3550 proprietati
515 3476 682 3534 convenire.
713 3475 828 3551 Nempe
850 3475 990 3536 Ovidium
1011 3481 1082 3536 sunt
1100 3497 1146 3536 se-

178 3559 242 3617 cuti
261 3559 322 3618 fere
343 3557 495 3634 Lucanus,
512 3556 692 3634 Columella,
709 3563 844 3621 auctores
858 3559 1069 3635 Priapeorum,
1085 3561 1149 3622 Ho-
