2486 4010
183 167 225 236 72
567 174 762 232 1111111111
1079 175 1181 252 [vn.

247 337 335 415 Quae
356 339 472 404 mulier
492 338 606 403 rabida
625 339 725 403 iactat
746 338 890 404 convicia
910 339 1038 424 lingua,

288 423 333 486 nt
354 423 489 488 Venerin
510 445 646 508 magnae
667 423 807 488 volvitur
830 427 904 488 ante
925 425 1033 508 pedes,

248 506 426 573 Custodum
447 507 602 605 gregibus
624 507 708 571 circa
729 529 785 572 seu
807 509 906 593 slipal
927 510 1069 588 eundem,

290 591 354 657 Seu
376 595 519 676 sequitur
539 591 675 674 medias,
697 589 829 658 Maenas
850 594 888 658 ul
908 591 988 668 iola,
1010 592 1102 676 vias,

198 688 231 741 15
247 675 310 741 Seu
331 675 478 742 timidam
500 677 611 740 crebro
634 676 793 740 dementia
815 676 939 741 somnia
960 679 1100 758 terreni,

291 760 354 826 Seu
375 762 524 826 miseram
545 761 580 824 in
599 759 819 844 tabulapicla
839 761 946 845 puella
966 763 1086 843 movei3

246 843 308 910 His
331 867 392 931 ego
414 845 583 919 tormentis
605 845 704 908 animi
726 867 796 909 sum
815 866 910 910 verua
935 865 1086 927 aruspex,

291 929 358 994 Har
382 929 479 994 didici
501 932 589 994 cerlo
611 950 707 1014 saepe
728 929 764 994 in
785 950 893 995 amore
913 932 1019 993 notas.

250 1013 327 1079 Non
349 1018 399 1078 esi
420 1016 506 1080 certa
527 1014 622 1096 fides,
646 1035 740 1096 quam
761 1034 829 1078 non
850 1013 966 1078 iniuria
987 1013 1112 1076 versal:

199 1111 234 1162 20
290 1097 448 1163 Hostibus
471 1099 596 1162 eveniat
617 1099 705 1162 lenia
725 1098 832 1182 puella
853 1097 942 1162 meis.

248 1181 396 1246 Inmorso
418 1183 565 1266 aequales
586 1181 717 1246 videant
737 1204 809 1246 mea
829 1183 961 1246 vulnera
983 1180 1082 1245 collo:

247 1293 252 1301 ·
292 1265 345 1331 Me
367 1265 480 1330 doceai
501 1267 584 1330 livor
603 1287 730 1330 mecum
751 1264 900 1330 habuisse
921 1287 1035 1330 meam.

251 1350 320 1415 Aut
341 1349 376 1414 in
397 1371 505 1414 amore
527 1348 634 1414 dolere
656 1350 730 1415 volo
753 1353 808 1414 aut
830 1349 938 1415 audire
961 1349 1143 1432 dolentem,

293 1433 366 1500 Sive
387 1455 474 1498 meas
495 1434 643 1499 lacrimas
666 1435 732 1499 sive
754 1433 861 1499 videre
881 1438 965 1499 luas.

539 1519 558 1556 8
787 1518 806 1557 *

202 1617 236 1668 25
251 1603 350 1668 Tecla
372 1603 550 1688 superciliis
573 1603 601 1668 si
623 1565 748 1686 quiindo
771 1603 869 1668 verba
888 1602 1041 1684 remillis,

293 1689 361 1752 Aul
381 1691 438 1752 lua
459 1709 531 1752 cum
554 1687 665 1772 digitis
688 1689 806 1772 scripta
827 1686 951 1752 silenda
970 1691 1075 1750 nolas.

252 1772 315 1836 Odi
331 1793 400 1856 ego,
419 1793 492 1869 cum
505 1793 680 1856 numquam
687 1774 843 1920 pungunl
857 1771 993 1854 suspiria
1007 1791 1157 1835 somnos:

295 1855 427 1941 Semper
448 1878 484 1920 111
505 1857 587 1920 irata
630 1857 685 1920 alli
707 1877 745 1920 us
767 1876 836 1919 esse
858 1855 966 1920 velim.

124 2022 126 2026 Ι
252 1939 386 2005 Dulcior
407 1940 492 2038 ignis
515 1944 584 2004 aral
604 1879 734 2037 laridi,
750 1961 822 2006 cum
844 1938 941 2004 Graia
960 1961 1019 2023 per
1041 1961 1129 2004 arma

203 2037 237 2086 30
252 2025 622 2193 Diinlnviilrcliiilplliiiaai,
638 2025 1002 2174 {alipclirpesfpffiasrip'apms
1016 2105 1153 2190 Hector,

294 2190 354 2254 Ille
376 2191 519 2257 Helenae
541 2195 576 2258 in
597 2194 719 2279 gremio
742 2192 881 2256 maxima
902 2192 987 2256 bella
1008 2193 1101 2277 gerii.

252 2276 319 2340 Aua
339 2276 445 2338 lecum
468 2279 523 2340 aut
543 2299 602 2361 pro
624 2281 658 2340 le
677 2277 758 2342 mihi
779 2299 852 2342 cum
873 2275 1025 2340 rivalibus
1048 2297 1135 2339 arma

298 2356 430 2440 Semper
452 2362 560 2424 erunt:
583 2361 618 2424 in
639 2364 672 2424 ie
693 2383 757 2445 pax
777 2361 858 2425 mihi
879 2360 968 2424 nulla
1011 2360 1102 2425 lacei.

205 2455 238 2505 35
255 2441 380 2525 Gaude,
404 2443 489 2526 quod
510 2443 631 2507 nullast
652 2466 751 2528 aeque
772 2446 927 2510 formosa:
954 2382 1093 2529 doleres,

298 2526 397 2610 Siqua
417 2527 517 2594 foret:
538 2549 625 2594 nunc
647 2529 691 2593 sis
713 2529 781 2594 iure
803 2529 939 2614 superba
959 2527 1045 2593 licei.

254 2613 302 2676 Aa
322 2611 397 2690 ubi,
411 2613 475 2696 'qui
497 2616 608 2679 nostro
629 2614 748 2679 nexisti
768 2615 849 2678 retia
870 2614 969 2696 lecto,

299 2693 348 2760 Sil
370 2717 461 2761 socer
483 2701 647 2762 aeternum
668 2719 728 2763 nec
751 2699 819 2763 sine
840 2700 943 2762 maire
965 2697 1087 2761 domus.

258 2778 319 2845 oui
340 2801 426 2845 nunc
449 2782 539 2864 siqua
561 2782 666 2847 dalasl
686 2782 839 2847 furandae
861 2782 955 2866 copia
975 2783 1094 2864 nocuis,

207 2876 242 2926 40
300 2863 430 2930 Offensa
447 2865 503 2930 illa
524 2865 619 2949 mihi,
642 2888 710 2930 non
730 2867 791 2930 libi
813 2865 928 2950 amica,
951 2865 1048 2930 dedit.

601 2997 754 3006 ..ι-

549 3077 636 3152 vm
661 3075 804 3180 [nou.

258 3197 444 3283 Maecenas,
469 3223 565 3284 eques
586 3201 724 3266 Elruaco
747 3201 786 3267 de
808 3201 964 3287 sangiune
985 3223 1111 3288 regum,

300 3281 391 3345 Intra
412 3283 575 3350 fortunam
597 3287 652 3368 qui
674 3287 763 3369 cupis
786 3307 855 3351 esse
876 3290 981 3370 tuam,

260 3365 343 3442 Quid
358 3387 409 3428 me
425 3366 585 3432 scribendi
598 3372 665 3433 tam
679 3373 804 3434 vastum
819 3371 921 3434 mittis
935 3370 971 3435 in
985 3369 1119 3454 aequor?

301 3449 378 3515 Non
401 3453 476 3513 sunt
498 3453 574 3533 apta
594 3473 683 3516 meae
704 3454 840 3538 grandia
861 3455 934 3519 vela
951 3455 1023 3520 rali.
