2486 4010
205 197 249 263 50
584 199 778 256 ancarana
1103 199 1190 272 [XX.

313 363 448 428 Vidistis
470 362 608 446 fuscam,
631 362 719 426 ducit
740 365 871 444 uterque
894 361 996 427 color:

270 447 406 513 Vidistis
429 446 588 530 quandam
610 447 731 530 Argiva
751 445 879 529 prodire
900 447 1018 530 figura,

313 530 449 595 Vidistis
470 535 611 612 nostras,
634 533 766 612 utraque
787 530 892 594 forma
911 531 1011 612 rapit:

221 629 255 678 45
269 614 393 763 Hippea
414 615 613 712 plebeicvcl
634 613 846 710 sitnsandycis
867 613 1000 709 amictu,

273 698 942 878 Cumaesdtidqddallddiislliirlioinssl'ldrirscrutdd
954 702 1083 866 diiii,

314 867 388 932 Vna
409 866 451 932 sit
474 869 506 931 et
528 887 626 930 ciuus
648 865 769 930 femma
789 865 891 930 multa
911 865 1006 930 mala.

613 996 764 1006 ———.

552 1081 640 1154 run
666 1081 824 1175 [aava.

272 1202 349 1268 Vidi
369 1207 402 1267 te
424 1206 459 1268 in
481 1205 603 1267 somnis
625 1204 740 1286 fracta,
763 1225 834 1268 mea
854 1204 933 1286 vita,
957 1203 1068 1268 carina

313 1286 405 1351 Ionio
428 1289 528 1352 lassas
550 1288 665 1352 ducere
685 1308 757 1353 rore
778 1309 905 1369 manus,

271 1369 316 1436 Et
338 1392 551 1454 quaecumque
573 1372 608 1436 in
629 1393 681 1436 me
702 1372 808 1436 fueras
829 1371 964 1435 mentita
983 1371 1093 1454 fateri,

314 1453 384 1520 Nec
404 1455 469 1519 iam
490 1477 600 1520 umore
623 1477 736 1540 graves
758 1455 872 1520 tollere
893 1475 987 1539 posse
1010 1476 1137 1540 cumas,
1166 1509 1169 1516 ,

245 1539 410 1616 tQualem
432 1539 598 1624 purpureis
621 1541 777 1624 agitatam
798 1539 947 1604 fluctibus
969 1539 1103 1624 Hellen,

315 1625 424 1688 Aurea
445 1646 540 1707 quam
561 1625 651 1688 molli
673 1628 800 1708 tergore
820 1625 909 1689 vexit
929 1624 1007 1688 ovis.

274 1707 375 1784 Quam
390 1709 497 1790 timui,
512 1730 553 1773 ne
568 1709 651 1773 forte
665 1711 756 1773 tuum
770 1713 857 1771 mare
871 1728 990 1772 nomen
1002 1707 1153 1792 haberat,

315 1794 421 1874 Atque
443 1795 499 1856 tua
520 1792 630 1856 labens
651 1793 759 1856 navita
779 1791 870 1856 fleret
891 1794 985 1874 aqua!
1157 1791 1161 1796 ’

273 1875 360 1952 Quae
379 1879 448 1940 tum
465 1897 525 1961 ego
541 1875 709 1961 Neptuno,
730 1879 896 2023 quaestum
913 1897 985 1940 cum
1003 1875 1140 1942 Castore

830 1960 907 2024 ratri

225 2057 258 2106 10
315 2045 464 2130 Quaeque
485 2046 545 2111 tibi
568 2046 677 2130 excepi
698 2049 783 2128 tum,
808 2044 867 2108 dea
887 2009 1085 2110 Lducothoe!

225 2141 257 2188 13
273 2127 365 2204 Quod
388 2131 414 2194 si
436 2131 520 2194 forte
540 2134 614 2194 tuos
635 2130 768 2194 vidisset
789 2127 928 2194 Glaucus
950 2129 1089 2212 ocellos,

314 2211 411 2276 Esses
433 2213 517 2278 Ionii
538 2215 624 2278 facta
666 2213 750 2279 uella
771 2213 883 2296 maris,

224 2306 256 2356 15
270 2293 316 2358 Et
336 2295 396 2356 tibi
418 2297 460 2359 ob
481 2297 635 2361 invidiam
689 2297 808 2361 ercides
829 2297 1073 2381 increpitarent,

315 2375 458 2442 Candida
478 2379 617 2463 Nesaee,
640 2383 766 2445 caerula
788 2381 974 2464 Cymothoe.

272 2461 334 2528 Sed
356 2462 417 2526 tibi
438 2463 579 2528 subsidio
602 2463 789 2548 delphinum
811 2486 935 2530 currere
956 2465 1038 2547 vidi,

315 2546 376 2622 Qui
381 2596 391 2630 ,
414 2550 507 2632 puto,
529 2548 696 2613 Arioniam
716 2553 845 2614 vexerat
865 2553 940 2614 ante
962 2549 1076 2633 lyram.

224 2645 256 2693 11
271 2632 318 2696 At
337 2636 387 2715 tu,
410 2633 465 2696 vix
485 2633 605 2716 primas
628 2633 783 2698 extollens
805 2634 933 2718 gurgite
954 2633 1091 2717 palmas,

223 2727 255 2777 12
314 2715 414 2799 Saepe
435 2739 542 2781 meum
563 2739 683 2781 nomen
703 2718 767 2781 iam
788 2718 929 2801 peritura
950 2739 1054 2781 vocas
1236 2707 1237 2769 i

224 2799 403 2884 191amque
425 2822 485 2884 ego
509 2801 647 2865 conabar
668 2822 791 2865 summo
813 2823 864 2865 me
887 2801 1012 2866 mittere
1035 2823 1132 2888 saxo,

221 2899 257 2948 20
314 2884 396 2950 Cum
416 2885 496 2949 mihi
518 2885 668 2950 discussit
688 2886 766 2949 talia
787 2886 856 2951 visa
876 2889 989 2950 metus.

631 3099 746 3174 XXH.

271 3221 366 3286 Nunc
381 3222 576 3288 admirentur
590 3223 676 3307 quod
691 3226 759 3288 tem
773 3220 853 3287 mihi
867 3222 1000 3306 pulchra
1013 3223 1121 3308 puella
1234 3199 1235 3293 i

314 3303 438 3368 Serviat
460 3310 492 3369 et
512 3311 581 3370 tote
602 3308 689 3371 dicar
710 3308 745 3370 in
765 3307 844 3372 urbe
865 3310 990 3390 potens.

270 3386 360 3462 Non,
384 3389 411 3449 si
432 3389 496 3450 iam
519 3389 629 3472 Gygae
650 3390 781 3454 redeant
803 3395 836 3455 et
856 3391 988 3454 flumina
1010 3389 1137 3476 Croesi,

314 3467 409 3533 Dicat
432 3469 619 3535 ‘danastro
642 3495 752 3559 surge,
774 3478 884 3560 poeta,
906 3479 1003 3540 t0r0.’
1233 3473 1234 3555 i
