2486 4010
67 223 139 297 vr]
387 207 392 222 '
468 223 577 280 nnus
597 223 660 278 nn.

68 385 267 470 Vmideque
288 385 437 472 inpressa
458 386 600 452 siccabat
620 387 742 451 lumina
762 387 852 468 lana,

119 471 268 536 Rettulit
290 473 323 535 et
344 470 477 558 querulo
498 471 604 556 iurgia
624 475 736 536 nostra
757 471 859 534 sono?

71 555 196 622 'Haec
210 559 243 619 te
256 557 339 620 teste
353 554 434 619 mihi
447 556 652 639 promissast,
668 553 847 640 Lygdame,
861 555 1005 622 merces?
1097 611 1102 616 .

118 639 192 705 Est
212 661 336 724 poenae
358 660 450 704 servo
471 661 618 724 rumpere
638 641 722 704 teste
743 639 849 704 fidem.
906 637 912 645 “
1023 654 1056 703 20

70 723 145 792 Ille
167 727 277 808 potest
297 723 387 788 nullo
408 723 558 789 miseram
578 746 630 788 me
652 725 796 807 linquere
816 723 918 807 facto,

123 808 307 892 Aequalem
328 807 432 873 multa
453 807 557 873 dicere
578 808 695 874 habere
718 809 829 872 domo!

79 891 219 957 Gaudet
238 913 291 956 me
312 913 413 957 vacuo
436 893 538 958 solam
559 892 722 958 tabescere
743 893 838 957 lecte.

127 975 167 1044 Si
188 976 308 1061 placet,
330 975 478 1061 insultet,
501 976 678 1062 Lygdum,
700 979 804 1042 morte
825 997 906 1042 mea.

75 1059 165 1128 Non
186 1061 402 1125 nemoribus
423 1061 495 1144 illa,
518 1062 575 1126 sed
595 1059 704 1126 herbis
725 1061 862 1146 inproba
881 1059 977 1126 vicit:
1022 1071 1055 1122 25

130 1143 296 1209 Staminea
316 1143 443 1209 rhombi
464 1144 591 1209 ducitur
611 1146 667 1210 ille
688 1149 769 1220 rota

78 1227 186 1295 Illum
205 1229 365 1313 tngentis
385 1249 484 1296 ranae
505 1233 657 1315 portenta
678 1230 810 1296 rubetae

128 1311 176 1378 Et
193 1312 279 1377 lecta
299 1313 417 1378 exectis
436 1305 594 1398 ar‘r'guibus
616 1335 689 1380 ossa
709 1314 852 1380 luebunt.

79 1396 131 1463 Et
153 1397 264 1482 strigis
285 1397 434 1462 inventae
454 1419 513 1484 per
533 1399 627 1466 busta
647 1401 786 1466 iacentia
806 1401 951 1484 plumae,

129 1480 308 1566 Cinctaque
328 1481 457 1547 frmesto
479 1483 573 1550 lanea
593 1485 674 1548 vitta
694 1487 776 1548 toro.
1023 1495 1056 1544 30

82 1563 122 1633 Si
135 1587 206 1631 non
219 1587 302 1630 vana
317 1569 436 1630 canunt
448 1587 520 1632 mea
534 1568 673 1652 somnia,
688 1565 866 1652 Lygdum,
882 1568 998 1648 testor,
1012 1597 1016 1603 ·

127 1649 240 1716 Poena
262 1650 324 1715 erit
344 1653 418 1716 ante
438 1672 528 1718 meos
551 1674 636 1734 sera,
659 1651 715 1716 sed
736 1650 857 1735 ampla,
879 1649 992 1733 pedes,

81 1733 195 1800 Putris
218 1735 308 1800 etin
328 1756 428 1802 vacuo
449 1739 575 1801 texetur
597 1757 712 1801 aranea
732 1737 833 1801 lecto:

129 1817 294 1884 Noctibus
315 1819 444 1886 illorum
465 1816 603 1886 dormiet
622 1821 693 1905 ipsa
713 1819 846 1884 Venus.’

84 1901 177 1980 Quae
198 1903 259 1968 tibi
283 1903 311 1968 si
336 1903 420 1968 veris
442 1905 556 1970 animis
579 1907 628 1969 est
648 1907 760 1990 questa
779 1903 902 1990 puella,
1023 1913 1056 1963 35

130 1986 204 2052 Hac
225 1986 336 2052 eadem
356 2009 480 2072 rursus,
502 1989 682 2074 Lygdame‚
706 2010 795 2055 curre
816 1988 870 2052 via

83 2070 132 2137 Et
153 2091 225 2136 mea
246 2093 319 2137 cum
339 2072 450 2137 multis
471 2073 612 2138 lacrimis
632 2073 784 2138 mandata
805 2072 944 2156 reporta.

130 2154 232 2239 ham,
254 2176 323 2220 non
343 2155 471 2221 fraudes
494 2179 563 2222 esse
584 2157 620 2222 in
641 2179 748 2224 amore
769 2178 852 2221 meo.

83 2238 144 2304 Me
164 2260 291 2324 quoque
312 2241 472 2306 consimili
493 2242 670 2326 inpositum
690 2242 866 2326 torquerier
887 2240 958 2326 igni

129 2323 248 2389 Iurabo
271 2326 304 2389 et
324 2325 373 2388 bis
396 2346 452 2390 sex
473 2325 601 2412 integer
622 2348 691 2392 esse
713 2326 790 2393 dies.
1022 2335 1056 2384 lo

86 2407 236 2485 Quodsin
258 2429 275 2472 e
296 2411 387 2474 tanto
409 2409 487 2476 felix
510 2411 681 2476 concordia
701 2412 787 2477 bello

129 2491 296 2577 Extitcrit,
319 2515 378 2578 per
397 2514 463 2579 me,
486 2495 663 2581 Lygdame,
685 2496 861 2562 libereris.

496 2625 650 2634 ——---.-

475 2707 527 2780 vr
555 2703 664 2808 [vrq.

85 2829 178 2980 Ergo
200 2829 358 2896 sollicitae
379 2832 416 2895 tu
437 2852 545 2914 causa,
567 2831 718 2914 pecunia,
742 2830 840 2894 vitae!

1 2939 2 2942 ¹
159 2935 194 2978 er
215 2916 248 2979 te
269 2914 464 2982 inmaturum
484 2917 597 2980 mortis
620 2916 742 2980 adimus
764 2915 834 2978 iter.

1 3003 2 3065 ξ
86 2997 139 3063 'm
159 2996 246 3062 vitiis
268 2997 435 3063 hominum
457 2999 597 3064 omdelia
616 2999 735 3084 pabula
756 2997 903 3082 praebes:

132 3082 263 3148 Semina
286 3104 431 3148 curarum
452 3083 492 3148 de
516 3085 619 3168 capite
641 3086 712 3147 orta
732 3086 799 3146 tuo.

87 3164 139 3231 Tu
157 3165 290 3232 Paetum
310 3166 351 3231 ad
371 3167 505 3233 Pharios
525 3168 711 3233 tendentem
731 3167 832 3230 lintea
850 3168 961 3251 portus
1038 3177 1056 3229 5

0 3252 1 3265 ¹
132 3250 249 3315 Obruis
271 3252 384 3316 insano
406 3255 517 3337 terque
540 3255 713 3336 quaterque
734 3251 824 3316 mari.

0 3376 1 3395 i
88 3331 174 3400 Nam
196 3334 271 3400 dum
292 3340 326 3401 te
348 3338 503 3420 sequitur,
525 3338 629 3421 primo
651 3336 749 3402 miser
771 3337 888 3402 excidit
909 3358 986 3402 aevo

131 3417 176 3484 Et
196 3441 281 3485 nova
302 3421 487 3505 longinquis
509 3423 650 3506 piscibus
672 3443 746 3487 esca
766 3425 872 3504 natat,

87 3501 135 3572 Et
154 3506 257 3570 mater
277 3526 346 3571 non
367 3507 451 3570 iusta
471 3507 544 3592 piae
566 3507 640 3572 dare
662 3507 770 3572 debita
790 3509 894 3570 terrae
