2444 4056
435 215 649 274 PRAEFATIO.
954 227 1017 277 ux

71 381 195 442 obhorret
215 382 253 442 eb
278 382 360 444 omui
381 383 592 457 probabilitate
615 383 750 444 dominos
764 385 827 444 tem
841 387 946 446 tenues
962 385 1015 444 du·

70 465 390 542 61161616111666166666
405 467 510 528 solitos
526 486 589 526 esse
605 467 756 542 Priapum.

122 550 160 608 ib.
178 553 214 608 17
235 553 277 610 616
296 569 368 626 ego,
389 552 441 612 boo
461 551 527 610 odd.
548 552 613 612 sine
632 555 737 610 metro.
773 551 853 612 Illud
873 555 916 613 sio
934 552 1015 612 idem

72 633 139 694 66161
151 634 229 712 quod
242 653 339 711 66666,
354 637 390 694 61
401 638 476 711 pute
489 637 586 708 666116
598 640 639 696 est
648 653 788 709 pressores
801 654 899 698 rerum
911 642 1015 700 616166.

436 903 635 912 ι--ι--ι

285 1117 349 1192 DE
374 1103 556 1192 METBJS'
575 1117 787 1196 cervum.

121 1303 181 1366 Iem
202 1309 361 1382 antequem
383 1307 420 1366 ed
434 1307 632 1371 6666666166
645 1308 826 1370 ereticorum
841 1312 936 1368 661666
950 1327 1015 1370 666·

70 1407 143 1448 sunm
163 1392 357 1467 accingimur,
378 1391 454 1450 illud
471 1392 563 1452 velim
585 1393 711 1454 16616666
729 1395 931 1468 praemonitos
955 1413 1016 1453 non

70 1476 117 1532 nisi
128 1475 295 1550 potissimas
305 1494 436 1552 6666666
452 1477 534 1552 leges
548 1480 712 1536 metrorum
726 1478 772 1538 his
785 1479 912 1554 proponi
928 1497 1015 1553 opus·

70 1559 141 1631 66116,
162 1578 228 1618 oum
242 1563 274 1618 et
286 1559 332 1619 illi
347 1559 398 1634 qui
413 1561 500 1634 61666
512 1578 633 1622 noscere
647 1563 743 1621 velint
757 1562 793 1621 de
807 1563 896 1622 rebus
910 1562 1015 1636 isdem,

70 1641 142 1702 166116
153 1645 270 1719 possint
281 1647 385 1722 petere
404 1645 520 1720 6611666
533 1662 570 1704 ex
584 1645 661 1704 libro
675 1649 787 1719 nostro,
809 1650 840 1705 et
853 1646 1016 1705 verendum

70 1727 146 1786 61166
160 1728 225 1789 61116
239 1727 291 1804 661
305 1747 408 1789 666666
423 1729 519 1804 magis
533 1749 623 1803 quem
636 1731 822 1790 6666666616
836 1729 1016 1788 carminibus

70 1814 189 1884 spectent
208 1811 259 1874 661
277 1830 370 1888 peuce
388 1813 460 1874 16666
480 1831 554 1888 6666
574 1813 760 1887 proferemus
780 1813 938 1872 6161666166
952 1830 1016 1871 esse

69 1912 154 1956 mmru.

120 1981 249 2058 116666
269 1983 306 2040 61
325 1981 479 2057 6666166
499 1981 609 2040 metri
629 1979 746 2038 161161
767 1983 805 2038 61
825 1981 1016 2056 66666116-

68 2080 122 2123 666
148 2067 336 2142 quotquot
366 2059 628 2137 inveniuntur,
660 2064 772 2124 simul
799 2067 837 2123 et
865 2064 1017 2124 (1166666

68 2153 245 2220 poetarum
267 2167 380 2224 66666
401 2150 579 2208 bonorum
599 2148 716 2208 isdem
737 2148 911 2208 derebus
937 2151 1015 2223 ple-

69 2231 134 2290 6116
159 2236 305 2309 septem
339 2234 577 2307 potissimum
613 2234 804 2293 contineri
840 2232 1017 2292 videntur

68 2317 183 2378 666616.
222 2316 381 2388 Quorum
409 2319 529 2391 prime
556 2317 661 2376 66611
689 2317 731 2376 nb
757 2318 842 2392 1666
869 2318 1016 2375 6611666

67 2403 255 2460 metrorum
276 2403 314 2460 et
334 2405 479 2460 6666616
499 2401 648 2476 pulchri
667 2402 768 2475 lege,
785 2401 1016 2459 611666666-

67 2484 274 2544 nebulonum
296 2484 430 2560 quibus
457 2485 618 2547 utuntur
645 2488 781 2559 poetae
804 2485 1016 2558 plerorum-

67 2584 124 2639 que
143 2568 376 2642 condicione,
397 2571 515 2628 tertie
544 2587 755 2628 esensnum
780 2569 816 2628 61
843 2586 910 2626 666
933 2585 1015 2642 pro·
1096 2627 1113 2643 ¹,

66 2652 230 2727 prietate‚
246 2672 317 2728 que
330 2653 531 2727 aliquando
556 2653 800 2712 invertuntur
814 2652 919 2726 leges
933 2669 1016 2711 ver·

66 2751 130 2809 sus,
151 2740 284 2812 666616
303 2756 321 2796 6
339 2754 560 2813 progressu,
585 2754 690 2812 quem
710 2737 748 2794 in
769 2737 848 2793 6616
868 2735 1017 2793 feriunt

66 2821 210 2881 subinde
235 2823 383 2897 poetes,
404 2821 535 2896 quinte
559 2839 576 2880 6
599 2820 772 2879 66611616
797 2821 1016 2891 metrorum,

67 2907 159 2963 66616
193 2904 237 2966 eb
278 2906 512 2980 optimorum
552 2904 818 2978 exemplorum,
860 2919 1016 2975 quorum

66 2991 250 3058 6666666161
278 2989 498 3061 auotoritas,
534 2985 772 3057 differentia,
808 2986 971 3060 septime
999 3004 1017 3043 6

66 3069 278 3133 diversitate
294 3073 506 3132 terminum

117 3156 141 3216 Ι
155 3157 253 3234 Igitur
268 3175 335 3216 oum
347 3157 445 3232 661666
457 3155 671 3231 potissimeque
685 3154 734 3212 lex
749 3153 789 3213 sit
799 3172 903 3214 666666
914 3154 1016 3212 Latini

31 3255 33 3274 ¹
66 3266 98 3282 -
110 3259 178 3300 nem
196 3241 277 3317 epud
290 3239 418 3300 (1666666
438 3258 499 3300 666
518 3238 641 3314 perinde
661 3241 796 3298 servetur
810 3267 852 3282 -
866 3237 1015 3296 6166166-

32 3301 101 3382 ’616
115 3327 224 3386 ordinis
238 3327 355 3386 66616161
369 3324 435 3384 finis
452 3323 589 3400 proprios
604 3323 661 3382 eibi
675 3324 787 3382 6616661
807 3339 964 3392 numeros,
986 3323 1017 3376 61

65 3404 139 3468 61116
159 3411 255 3488 ferme
276 3409 442 3470 habeantur
459 3407 700 3482 indifferentem
691 3427 752 3467 rem
772 3408 896 3482 6666661
910 3404 1015 3477 sponte

65 3485 100 3552 lis
119 3496 155 3554 ob
174 3481 278 3555 illud'
270 3513 369 3571 rpsum
388 3493 531 3554 maiorem
550 3493 668 3554 evenire
682 3492 862 3550 libertatem.
892 3484 1017 3545 Constet

773 3599 811 3652 Θ*
