2486 4010
189 198 231 264 66
578 201 775 258 raosrarn
1128 193 1186 275 [rr.

296 365 457 430 Exercent
477 367 606 430 teneras
627 365 662 429 in
683 385 740 429 sue
762 364 991 429 decamanus.

203 463 238 514 so
252 450 341 515 Haec
354 449 487 516 hederas
503 450 583 536 legit
597 450 631 514 in
645 448 784 533 thyrsos,
799 447 880 513 haec
894 447 1037 513 carmina
1049 449 1183 514 nervis
1231 449 1232 454 ’

297 536 414 619 Aptat,
437 537 470 598 at
491 534 547 598 illa
568 556 665 598 manu
686 534 768 598 texit
788 535 922 617 utraque
942 552 1059 598 rosam.

252 619 282 685 E
327 641 438 684 uarum
459 640 591 684 numero
614 639 665 682 me
688 618 826 702 contigit
846 639 911 682 una
931 617 1084 683 dearum:

326 707 343 768 t
363 726 435 768 reor
456 725 477 766 a
496 704 594 784 facie,
618 701 781 786 Calliopea
801 701 881 767 fuit:

255 788 452 856 ‘Contentus
473 785 575 852 niveis
598 804 723 870 semper
743 786 911 851 vectabere
931 786 1062 872 cygnis,
1233 820 1234 900 p

203 885 239 937 ιο
294 873 418 940 Necte
439 872 532 936 fortis
555 871 628 956 equi
649 871 745 936 ducet
765 871 805 934 ad
827 885 916 935 arma
937 887 1045 936 sonus.

254 957 312 1024 Nil
333 957 393 1021 tibi
415 958 458 1020 sit
477 977 573 1020 rauco
595 955 766 1040 praeconia
787 955 919 1020 classica
940 975 1040 1021 cornu

296 1041 388 1108 Flere
410 1063 470 1106 nec
491 1040 632 1106 Aonium
652 1041 702 1105 tin
748 1061 800 1104 ere
821 1039 925 1105 Marte
945 1059 1076 1124 nemus,

254 1126 324 1192 Aut
345 1127 459 1210 quibus
480 1125 516 1189 in
538 1126 659 1209 campis
717 1125 826 1189 ariano
849 1124 969 1210 proelia
990 1125 1087 1210 signo
1234 1115 1235 1206 t

297 1210 390 1275 Stent
411 1213 444 1273 ct
464 1209 656 1274 Teutonicas
677 1205 781 1274 Roma
798 1209 956 1294 refringet
976 1230 995 1274 ο
1019 1232 1069 1291 es,
1234 1219 1235 1224 ’

207 1307 241 1358 4⁶
255 1293 416 1360 Barbarus
438 1295 493 1358 aut
515 1293 618 1358 soevo
640 1294 788 1378 perfusus
810 1295 964 1380 sanguine
986 1231 1131 1360 liberm

298 1377 412 1443 Saucia
432 1378 588 1442 maerenti
610 1399 744 1462 corpora
764 1381 870 1444 vectet
890 1399 980 1463 aqua.

254 1463 316 1540 Qui
339 1485 379 1548 pe
401 1466 570 1528 coronatos
592 1463 732 1528 alienum
754 1464 793 1528 ad
815 1463 914 1528 limen
934 1466 1077 1528 amantes

331 1551 543 1632 coturnaeque
565 1568 660 1613 canes
683 1549 769 1613 ebria
791 1547 885 1633 signa
905 1548 940 1612 fu
964 1569 1015 1632 ae,

253 1632 300 1698 Vt
320 1655 378 1717 per
399 1635 431 1696 te
454 1633 577 1697 clausas
600 1633 681 1696 sciat
702 1637 869 1698 excantare
890 1653 952 1716 pue
978 1653 1029 1717 as,

204 1729 239 1780 50
296 1717 358 1793 Qui
379 1718 466 1781 volet
486 1720 628 1782 austeros
650 1719 716 1781 arte
738 1717 833 1783 ferire
854 1717 961 1782 viros)

255 1801 348 1866 Talia
370 1800 529 1888 Calliope,
552 1802 753 1886 lymphisque
774 1823 795 1866 a
815 1802 905 1866 fonte
926 1801 1034 1886 petitis

301 1885 366 1951 Ora
387 1885 551 1951 Philetaea
572 1889 681 1950 nostra
702 1887 819 1972 rigavit
839 1906 930 1971 aqua.

255 2221 356 2286 Arma
378 2223 455 2287 deus
478 2223 596 2290 Caesar
617 2225 698 2291 dites
724 2225 896 2291 meditatur
917 2223 957 2290 ad
977 2223 1091 2309 Indos,

297 2304 342 2369 Et
362 2305 445 2370 freta
467 2309 648 2391 gemmiferi
668 2309 788 2375 findere
810 2309 909 2374 classe
930 2311 1035 2374 maris.

254 2388 383 2474 Magna,
399 2390 468 2473 viri,
481 2413 620 2476 merces;
635 2397 729 2477 parat
738 2395 853 2459 ultima
862 2397 947 2459 terra
960 2393 1166 2478 triumphosr

299 2475 405 2560 Tigris
428 2477 460 2539 et
480 2475 661 2560 Euphrates
684 2480 743 2542 sub
766 2501 824 2544 sua
844 2479 915 2543 iura
935 2479 1048 2544 fluent:

227 2558 332 2625 odera
370 2559 425 2624 sed
446 2560 599 2626 Ausoniis
621 2563 728 2628 veniet
748 2564 914 2648 provincia
935 2563 1050 2648 virgis:

297 2610 498 2710 Adsuescent
518 2645 610 2712 Latio
632 2647 752 2713 Partha
772 2652 823 2712 tro
847 2667 903 2712 aea
923 2647 1002 2712 Iovi.

255 2729 304 2794 lte
327 2731 429 2815 agite,
452 2734 600 2814 expertae
621 2732 707 2798 bello
730 2733 802 2797 date
824 2671 924 2797 iiutea
944 2745 1058 2818 prorae

298 2813 342 2880 Et
364 2815 493 2879 solitum
515 2817 665 2902 armigeri
687 2815 792 2882 ducite
814 2838 930 2883 munus
952 2817 1035 2900 equit

256 2900 373 2964 Omina
394 2900 499 2964 fausta
520 2921 610 2966 ceno.
639 2899 771 2967 Crassos
795 2901 979 2986 clademque
1000 2901 1107 2985 piatos

206 2997 239 3046 10
293 2985 342 3049 Ite
365 2988 398 3049 et
417 2984 581 3050 Romanae
603 2987 758 3052 consulite
778 2985 941 3051 historiae.

256 3069 341 3132 Mars
363 3071 454 3153 pater
476 3073 509 3134 et
530 3063 636 3136 sacrae
657 3071 769 3136 fatalia
790 3071 912 3135 lumina
932 3069 1065 3154 Vestae,

297 3153 383 3216 Ante
405 3176 494 3220 meos
517 3155 624 3240 obitus
646 3155 704 3238 sit,
725 3176 852 3240 precor,
875 3156 932 3219 illa
953 3154 1034 3237 dies,

256 3235 325 3310 Qua
346 3237 470 3302 videam
493 3263 507 3304 s
532 3241 603 3305 eliis
625 3244 774 3305 oneratos
797 3239 939 3306 Caesaris
961 3260 1052 3323 axes,

296 3318 350 3381 Ad
371 3321 459 3413 vulgi
479 3264 611 3404 pitusus
634 3347 727 3411 saepe
748 3325 894 3390 resistere
917 3344 1029 3408 equos,

192 3403 340 3483 raraque
356 3423 435 3497 ,sinu
477 3426 568 3469 cerae
589 3409 682 3473 nixus
704 3413 847 3494 spectare
867 3408 994 3491 puellae

296 3484 451 3567 Incrpram
473 3490 505 3551 et
525 3489 628 3556 titulis
650 3494 767 3578 oppida
789 3496 882 3577 capta
903 3493 1023 3577 legam,
