2492 4022
213 265 274 332 102
609 269 775 326 saurus.
1039 272 1173 348 [surm.

607 434 772 508 XXVIII.

273 567 339 652 Tu,
361 568 416 652 qui
436 589 504 632 non
524 568 607 632 bene
628 567 766 651 cogitas,
790 569 823 631 et
844 587 938 652 aegre

274 652 442 751 Carpendo
464 652 525 717 tibi
545 656 704 736 temperas
727 651 767 714 ab
788 650 902 735 horto,

273 737 464 803 Pedreabere
485 737 609 802 fascino
631 735 748 820 pedali.

274 821 365 898 Quod
387 823 415 886 si
435 825 502 886 lam
523 821 630 908 gravis
652 823 685 884 et
705 820 841 884 molesta
861 841 968 906 poena

224 989 226 996 Α
270 905 348 975 Nou
368 907 556 991 profecerit,
579 905 693 970 alfiors
713 908 855 991 leugam.

612 1037 771 1047 ——u——n-

557 1179 563 1197 .
597 1119 783 1196 XXVIIIL

272 1245 465 1328 Obsoeenis,
486 1265 630 1328 peream,
652 1244 782 1328 Priape,
804 1244 922 1309 sinon

271 1328 330 1394 Vri
350 1351 403 1393 me
423 1328 524 1413 pudet
544 1329 750 1413 improbisque
771 1329 892 1394 verbis:

272 1413 337 1479 Sed
359 1435 431 1478 oum
452 1416 489 1478 tu
509 1414 617 1498 posito
640 1413 717 1478 deus
738 1414 860 1498 pudore

272 1498 423 1564 Ostendis
444 1497 525 1562 mihi
547 1499 653 1564 coleos
675 1502 837 1584 patentes,

271 1583 354 1650 Cum
376 1605 480 1652 cunno
501 1582 582 1648 mihi
602 1584 777 1648 mentulast
797 1581 949 1649 vocanda.

629 1799 742 1874 XXX.

270 1922 384 1988 ‘Falce
406 1923 515 1988 minax
537 1925 570 1987 el
590 1926 681 2006 parre
702 1923 751 1988 rui
772 1923 908 2006 maiore,
930 1921 1061 2005 Priape,

312 2007 365 2070 Ad
386 2007 524 2090 fontem,
547 2029 663 2091 quaeso
669 2057 680 2090 ,
703 2007 754 2073 dia
774 2008 869 2091 mihi,
892 2028 954 2090 qua
975 2006 1018 2070 sit
1038 2005 1145 2070 iteri„

269 2089 359 2154 Vade
381 2113 438 2175 per
458 2092 516 2156 has
538 2093 637 2157 viles:
660 2114 794 2176 quarum
816 2094 843 2157 si
866 2091 1021 2189 empseris
1042 2113 1141 2176 uvas,
1244 2099 1245 2158 J

312 2173 378 2239 Cur
398 2176 491 2241 aliter
512 2199 634 2258 sumas,
656 2176 789 2262 hospes,
811 2175 943 2242 habebis
965 2197 1075 2260 aquas.

620 2407 753 2484 ΧΧΧΙ.

268 2529 380 2595 Donec
401 2533 549 2614 proterva
569 2533 618 2598 nil
638 2533 718 2597 mihi
738 2555 836 2598 manu
858 2554 984 2617 carpes,

267 2615 392 2680 Licebil
412 2616 482 2700 ipsa
504 2617 548 2680 sis
569 2618 715 2700 pudicior
736 2616 850 2702 Vesta,

268 2699 327 2764 Sin
346 2739 390 2750 -
410 2699 489 2766 haee
510 2702 574 2774 mei
594 2706 628 2766 te
649 2703 770 2768 ventris
793 2725 881 2768 arma
901 2701 1053 2767 laxabant
1058 2749 1069 2784 ,

265 2784 362 2850 Exire
384 2789 421 2850 ut
441 2787 512 2871 ipsa
534 2787 572 2850 de
594 2791 649 2850 tuo
673 2809 768 2870 queas
791 2809 907 2854 cunno.

607 3020 755 3094 XXXII.

265 3138 345 3203 Vvis
367 3141 484 3205 aridior
503 3142 611 3226 puella
632 3144 734 3228 passis

264 3222 357 3288 Buxo
378 3224 527 3308 pallidior
548 3249 693 3313 novaque
716 3249 803 3312 oera,

265 3306 407 3373 Collaias
430 3309 491 3373 sibi
513 3333 593 3393 quae
615 3313 742 3396 suisque
764 3313 916 3379 membris

264 3389 428 3455 Formioas
449 3393 528 3456 facil
549 3395 653 3460 altiles
675 3397 791 3481 videri,

233 3471 364 3538 olluius
385 3475 506 3540 viscera
527 3499 594 3541 non
616 3483 725 3562 aperta
745 3479 867 3546 Tuscus

265 3556 327 3621 Per
348 3558 466 3642 pellem
487 3563 606 3642 polerit
629 3562 733 3627 videre
755 3565 926 3650 haruspex,
