2464 4020
443 283 656 340 PRAEFATIO.
1007 300 1032 348 v

55 454 184 514 codices
212 454 328 514 saeculo
351 451 415 512 XV·
436 453 551 528 priores
576 455 680 514 entant
704 455 757 513 aut
781 455 857 514 nulli
883 458 935 515 aut
960 475 1032 532 pau·

56 557 188 599 crss1m1.

128 638 192 698 'Sed
213 657 249 697 ex
270 656 380 714 magna
408 637 559 714 ferragine
587 637 733 698 librorum
762 641 1033 715 manuscriptorum

57 725 140 784 duos
155 722 346 799 potissimum
363 723 456 798 clegit
469 722 691 797 Lemannus,
712 741 786 800 quos
801 725 965 801 sequendos
980 726 1033 784 du-

58 811 156 881 caret,
181 826 197 866 e
214 807 322 882 quibus
338 807 413 866 alter
427 807 486 865 fuit
499 807 724 883 Neapolitanus,
739 809 791 884 qui
805 827 884 867 nunc
898 808 1033 869 Guelfer-

57 894 121 952 biti
143 894 330 965 asservatur,
352 891 388 950 de
403 910 462 966 quo
476 891 556 950 infre
571 892 700 966 dicetrn,
722 893 798 952 alter
812 892 1047 970 eroninganuss
1110 963 1114 970 ,

58 977 145 1036 Nam
161 993 251 1052 quem
265 975 389 1036 tertium
404 976 580 1034 auctoritate
594 995 698 1051 parem
711 978 760 1038 rel
774 978 905 1053 priorem
920 977 1037 1040 addidit

60 1058 310 1136 antiquissimum
321 1059 434 1118 librum
449 1060 628 1120 Bernardini
643 1059 757 1134 Veliae,
772 1081 789 1119 a
804 1063 909 1120 Frenc.
925 1061 1034 1122 Puccio

60 1143 251 1217 adhibitum,
272 1144 336 1203 eius
351 1143 440 1203 fidem
454 1145 505 1204 rix
520 1145 615 1220 pluris
629 1145 795 1204 habendam
816 1165 905 1222 quam
919 1148 1035 1222 reliqua

60 1231 214 1288 Italorum
234 1231 373 1305 excerpta
396 1229 507 1305 optimc
530 1229 632 1288 docuit
650 1223 766 1290 Keilius
785 1231 818 1291 in
836 1232 952 1292 observ.
968 1231 1034 1290 crit.

59 1333 115 1390 pg.
135 1314 176 1371 22
192 1331 235 1388 sq.
256 1316 288 1371 et
307 1314 439 1388 apertius
460 1313 551 1372 etiam
572 1315 604 1373 in
618 1315 711 1390 praef.
726 1315 816 1391 Prop.
832 1334 882 1392 pg.
898 1317 1035 1392 43ouius

61 1397 179 1458 iudicio
194 1397 303 1457 acriter
317 1417 381 1456 rem
396 1396 533 1456 meditati
547 1399 636 1474 plene
652 1399 875 1460 subscribimus.

129 1515 211 1574 Vsus
232 1518 334 1575 tamen
348 1515 473 1575 Puccius
494 1517 669 1576 membrana
682 1534 743 1575 non
759 1517 879 1576 omnino
894 1535 1034 1592 spernen-

63 1601 102 1658 da
117 1619 175 1659 nec
189 1599 328 1660 dissimili
343 1619 466 1675 prorsus
481 1599 705 1677 Neapolitanae,
727 1619 763 1660 ex
777 1602 858 1676 quali
874 1602 964 1660 etiam
978 1602 1035 1660 Re-

63 1683 180 1761 giensis
201 1703 227 1743 a.
245 1685 325 1743 1481
346 1685 433 1742 fluxit
454 1684 555 1744 editio.
600 1683 686 1743 Vnde
707 1683 754 1744 his
773 1703 847 1760 quos
869 1685 930 1743 dixi
950 1686 1036 1746 libris

63 1769 139 1844 quin
154 1769 201 1828 bis
216 1769 411 1828 temerarius
425 1771 668 1844 repraesentetur
682 1768 836 1846 archetypi
851 1769 939 1828 lectio
955 1772 1035 1845 equi-

64 1854 135 1912 dem
149 1852 253 1912 nullus
268 1851 380 1912 dubito.
404 1851 519 1911 'lamen
534 1871 601 1912 cum
616 1853 689 1912 alias
704 1871 800 1930 neque
815 1853 847 1910 id
861 1871 928 1912 raro
944 1855 1035 1912 inter-

63 1936 228 2013 polationis
258 1936 446 2012 apertissima
474 1938 691 2012 prenderentur
720 1937 862 2012 vestigia,
897 1937 1036 2013 religioni

65 2021 137 2080 duxi
159 2020 321 2097 quidquam
341 2021 496 2081 adsumere
512 2041 547 2080 ex
561 2021 638 2094 illis,
659 2021 718 2080 nisi
739 2021 819 2098 quod
833 2022 883 2081 vel
897 2021 960 2082 sine
974 2022 1037 2081 ulla

64 2106 311 2165 membranarum
325 2105 383 2164 fide
399 2108 478 2166 esset
492 2107 705 2182 recipiendum.

131 2222 273 2282 Ceterum
283 2222 493 2282 Lachmennus
510 2218 615 2302 [praef.
626 2241 677 2298 pg.
690 2217 720 2301 9]
737 2224 832 2282 multo
847 2223 915 2298 plus
929 2223 1038 2282 tribuit

67 2307 262 2383 Groniugano
278 2307 356 2366 libro
369 2325 458 2382 quem
464 2307 673 2382 Neapolitano,
685 2309 717 2366 et
729 2311 847 2367 secutus
857 2306 1035 2366 eumHerta-

66 2392 191 2468 bergine
209 2387 333 2469 [quaest.
350 2390 439 2466 Prop.
458 2388 649 2470 ase—235}
671 2390 784 2450 Verum
798 2394 859 2450 iam
873 2391 990 2450 Keilius
1005 2392 1038 2450 in

68 2477 218 2536 observet.
239 2493 290 2552 pg.
309 2478 346 2533 11
364 2495 428 2550 sqq.
449 2475 530 2534 haud
550 2495 620 2536 sane
634 2495 743 2551 paucas
759 2477 891 2536 eiusdem
905 2475 1037 2550 interpo-

67 2561 196 2618 lationes
226 2559 340 2618 detexit
362 2561 533 2635 pariterque
560 2559 750 2636 Neapolitani
777 2560 867 2618 fidem
896 2559 1036 2618 adseruit.

69 2643 208 2703 Vidende
222 2644 313 2702 etiam
327 2663 404 2719 quae
420 2643 496 2702 dixit
509 2644 589 2704 idem
610 2664 660 2721 pg.
678 2645 727 2716 25,
745 2645 794 2702 26.
824 2643 926 2700 Etiam
941 2643 1037 2718 magis

68 2747 133 2786 rem
152 2727 287 2787 firmavit
301 2729 445 2804 exemplis
465 2727 575 2786 additis
596 2728 745 2802 Hauptius
765 2727 798 2785 in
818 2726 920 2785 libello
936 2727 1037 2785 acade-

68 2811 145 2871 mico
155 2831 187 2887 a.
207 2813 288 2872 1854
304 2813 350 2871 ed.
368 2809 451 2891 [pgg.
468 2807 575 2890 4-e],
598 2812 649 2870 ubi
664 2811 773 2886 etipse
787 2811 932 2885 quaedam
946 2810 1037 2867 Italo-

68 2915 136 2953 rum
157 2895 309 2968 licentiae,
331 2915 407 2972 quac
428 2897 557 2955 exercita
574 2896 660 2956 sitin
674 2894 786 2954 librum
801 2893 1036 2970 Groninganum,

68 2980 185 3054 profert
203 2979 388 3042 documenta.
433 2979 568 3039 Intendit
591 2980 647 3038 hoc
670 2977 905 3050 Heimeichius,
934 2977 1038 3052 quiin

70 3064 158 3137 diss,
181 3083 271 3139 quam
292 3064 446 3140 inscripsit
465 3063 654 3139 quaestiones
667 3063 888 3139 Propertianaa
910 3081 936 3120 a
955 3063 1037 3121 1863

69 3149 221 3222 publicata
243 3149 358 3208 nullam
380 3150 501 3208 omnino
521 3149 592 3208 libri
613 3147 800 3223 Groningani
825 3147 908 3206 cuius
929 3143 1040 3206 deseri

69 3232 204 3306 ptioncm
218 3233 333 3292 addidit
347 3253 419 3310 pgg.
435 3235 465 3307 4,
482 3234 500 3294 5
517 3232 724 3293 auctoritatem
739 3249 803 3292 esse
819 3231 933 3304 statuit,
949 3234 1039 3306 etque

71 3317 143 3375 adeo
159 3320 309 3394 quotquot
322 3337 427 3378 versus
441 3317 506 3377 sive
520 3337 663 3379 uersuum
678 3317 841 3392 particulae
856 3311 888 3374 in
901 3317 955 3374 illo
970 3333 1038 3373 cum

70 3404 206 3460 extarent
220 3403 360 3462 abessent
370 3422 388 3460 a
398 3402 597 3477 Neapolitano
610 3402 757 3462 eefraude
773 3401 897 3461 conficta
911 3399 1037 3460 censuit.

71 3484 175 3546 Simile
195 3487 345 3562 praeierat
364 3487 512 3562 Hauptius
533 3489 585 3564 qui
604 3487 637 3547 in
656 3487 828 3562 prohoemio
850 3483 930 3558 quod
949 3479 1038 3539 modo

69 3573 234 3632 memoravi
254 3573 412 3649 proposuit
431 3573 567 3650 exempla
587 3589 662 3646 quae
682 3571 741 3647 ipsi
763 3568 937 3630 viderentur
958 3565 1038 3622 lacu·
