2476 4018
200 261 245 330 40
512 293 514 298 .
586 261 781 318 ruorusru
1080 255 1176 329 [vim

217 443 252 494 30
309 429 434 493 Arserit
456 430 487 491 et
509 427 636 511 quantis
657 427 758 509 nupta
781 423 900 488 Creusa
920 421 1022 505 malis.

266 513 405 578 Nullane
428 511 551 576 sedabit
571 513 699 576 nostros
721 507 837 572 iniuria
857 506 971 570 fletus?

310 599 364 662 An
386 597 477 662 dolor
498 595 551 660 hio
573 595 659 658 vitiis
680 593 784 657 nescit
805 591 916 657 abesse
937 590 1023 655 tuis?

267 681 331 746 Tot
352 683 416 745 iam
438 681 542 744 abiere
565 679 632 743 dies
670 700 742 742 cum
763 699 814 742 me
836 697 896 740 nec
918 695 993 740 eura
1013 673 1133 738 theatri

310 765 379 830 Neo
400 766 510 850 tetigit
532 728 661 847 Campi,
682 783 742 828 neo
763 783 835 826 mea
856 760 948 824 Musa
967 761 1067 823 iuvat.

218 867 252 916 35
265 851 310 935 A,
332 849 450 934 pudeat
472 851 571 932 certe,
593 847 724 944 pudeat3
747 846 811 910 nisi
831 845 929 928 forte,
952 844 1037 928 quod
1059 842 1174 924 aiunt,

310 935 424 1018 Turpis
448 955 536 996 amor
558 931 660 996 surdis
683 930 810 994 auribus
833 951 901 994 esse
923 930 1015 993 solet.

267 1018 369 1086 Cerne
392 1018 521 1100 ducem,
549 1016 644 1080 modo
667 1015 722 1099 qui
742 1015 872 1079 fremitu
894 1012 1055 1097 conplevit
1076 1009 1174 1076 inani

309 1103 403 1166 Aetia
424 1101 582 1166 damnatis
604 1121 741 1184 aequora
762 1099 926 1165 militibus.

266 1187 363 1251 Hune
384 1187 515 1250 insanus
538 1185 747 1249 amoriensis
770 1184 844 1248 dare
865 1185 957 1268 terga
978 1180 1095 1246 earinis

217 1283 253 1334 40
308 1269 407 1334 Iussit
428 1273 460 1334 et
481 1273 621 1333 extremo
644 1288 793 1353 quaerere
814 1269 849 1331 in
871 1267 946 1332 orbe
967 1265 1089 1349 fugam.

269 1351 412 1420 Caesaris
434 1353 512 1418 haec
533 1353 634 1418 virtus
657 1355 689 1416 et
733 1353 813 1417 loria
834 1349 978 1418 Caesaris
1000 1347 1080 1414 haec
1103 1350 1173 1413 est:

309 1438 385 1522 Illa,
409 1460 471 1522 qua
492 1436 584 1520 vioit,
607 1437 701 1501 condi
726 1438 750 1500 't
770 1459 857 1501 arma
877 1457 984 1500 manu.

269 1522 332 1588 Sed
341 1522 963 1606 quascumquetibivestes,quosoumque
971 1516 1174 1602 smaragdos,

313 1607 439 1683 Quosve
461 1607 549 1670 dedit
568 1607 650 1670 flavo
672 1606 792 1670 lumine
815 1605 854 1670 eh
893 1604 1042 1686 solithOS,

217 1705 252 1756 45
266 1691 356 1756 Haeo
376 1691 500 1756 videam
521 1690 647 1775 rapidas
669 1691 704 1753 in
725 1711 842 1754 vanum
854 1628 945 1754 llsrre
965 1687 1144 1773 procellas,

313 1775 399 1852 Quae
420 1776 480 1840 tibi
500 1777 585 1838 terra
591 1824 601 1871 ἶ
622 1775 732 1858 velim,
755 1795 834 1858 quae
856 1775 916 1838 tibi
937 1773 993 1838 fiat
1014 1792 1105 1854 aqua.

272 1860 349 1926 Non
371 1881 495 1944 semper
515 1858 660 1944 plaordus
681 1860 824 1943 periuros
845 1859 928 1923 ridet
949 1860 1093 1922 amantes

313 1943 457 2028 Iuppiter
479 1947 511 2008 et
531 1942 626 2007 surda
642 1944 787 2028 neglegit
808 1965 882 2008 aure
903 1963 1023 2028 preces.

269 2028 405 2095 Vidistis
427 2030 495 2092 toto
519 2028 642 2092 sonitus
664 2049 845 2112 percurrere
866 2028 954 2092 eaelo

221 2125 256 2176 50
312 2113 521 2196 Fulminaque
543 2111 682 2176 aetheria
704 2111 867 2178 desiluisse
890 2111 1000 2176 domo:

268 2196 345 2260 Nou
359 2196 438 2260 haee
452 2197 597 2260 Pleiades
611 2196 734 2261 faciunt
748 2217 850 2280 neque
865 2218 1001 2282 aquosus
1017 2193 1140 2280 Orion,
1228 2259 1229 2270 ,

311 2278 381 2343 Nee
402 2281 447 2343 sio
470 2278 508 2344 de
530 2280 632 2344 nihilo
654 2281 795 2346 numinis
817 2283 864 2346 ira
886 2281 982 2347 oalet:

270 2363 417 2446 Periuras
438 2365 516 2426 tune
538 2364 592 2426 ille
614 2366 696 2430 solet
717 2366 829 2450 punire
850 2365 987 2451 puellas,

313 2447 473 2531 Deceptus
496 2447 646 2530 quoniam
667 2450 756 2513 flevit
777 2453 809 2514 et
829 2451 914 2535 ipse,
937 2449 1024 2515 deus.

220 2545 255 2598 55
271 2532 374 2610 Quare
395 2552 436 2595 ne
458 2531 519 2595 tibi
539 2530 583 2596 sit
603 2533 686 2596 tanti
708 2533 839 2599 Sidonia
860 2534 973 2617 vestis,

314 2616 359 2684 Vt
380 2617 508 2701 timeas,
531 2617 678 2700 quotiens
700 2619 828 2684 nubilus
849 2619 967 2683 Auster
989 2619 1059 2684 erit.

556 2831 661 2906 vnn
688 2835 829 2928 [num.

271 2957 403 3022 Mentiri
425 2959 568 3041 noctem,
592 2957 756 3041 promissis
779 2959 892 3022 ducere
915 2958 1093 3038 amantem,

315 3041 386 3106 Hoo
409 3043 470 3107 erit
490 3043 625 3106 infestas
647 3044 802 3128 sanguine
823 3041 940 3112 habere
962 3061 1087 3104 manus.

272 3125 398 3190 Horum
413 3147 472 3211 ego
488 3148 558 3192 sum
573 3129 660 3192 vates
668 3178 678 3211 ‚
693 3127 839 3212 quotiens
855 3127 996 3192 desertus
1012 3145 1145 3189 amaras

138 3291 141 3300 Ι
314 3210 450 3294 Explevi
471 3213 598 3298 noctes,
621 3214 739 3277 stratus
760 3215 894 3296 utroquo
915 3213 996 3275 toro.

243 3292 337 3358 sVel
358 3299 395 3357 tu
416 3295 570 3358 Tantalea
590 3318 736 3361 moveare
758 3297 798 3361 ad
818 3296 949 3360 flumina
971 3297 1074 3380 sorte,

315 3375 361 3441 Vt
381 3377 406 3439 li
428 3398 486 3440 uor
508 3381 610 3443 arenti
631 3381 721 3446 fallat
743 3382 782 3445 ab
805 3403 859 3446 ore
881 3381 968 3443 sitim

274 3459 336 3525 Vel
352 3462 395 3556 'tu
407 3398 583 3556 (tisyphios
606 3463 681 3528 lieet
702 3465 857 3529 admirere
877 3429 1018 3549 laboris,

316 3543 456 3608 Drffiorle
477 3547 514 3608 ut
535 3546 604 3610 toto
626 3551 735 3612 monte
759 3550 879 3614 volutet
900 3565 997 3613 onus:
